1732 2840
79 146 105 166 a.
127 139 178 166 ch.
198 139 257 166 208.
509 128 631 161 LIBER
658 127 785 162 xxvn.
834 128 929 163 CAP.
955 131 1008 163 31.
1034 131 1086 163 32.
1452 129 1502 169 83

80 245 182 285 enim
206 244 334 283 omnia
357 241 508 282 emebat
529 248 594 282 aut
610 243 915 292 eblandiebatur,
939 244 1005 284 sed
1023 244 1096 283 vim
1114 244 1269 295 flagitiis
1286 244 1502 293 adhibebat,

79 300 423 353 periculosumque
455 305 491 339 et
522 299 614 339 viris
644 306 681 339 et
712 300 938 352 parentibus
971 306 1051 341 erat
1081 313 1227 340 moram
1258 302 1502 341 incommoda

19 384 21 386 v
78 357 279 398 severitate
307 356 456 396 libidini
489 357 619 407 regiae
648 357 801 396 secisse.
841 357 908 396 uni
933 357 1043 397 etiam
1067 358 1236 410 principi
1260 357 1500 398 Achaeorum
1522 366 1541 398 8

78 417 192 454 Arato
222 413 398 464 adempta
431 425 530 452 uxor
551 413 709 453 nomine
731 412 945 464 Polycratia
967 426 1011 453 ac
1032 427 1099 465 spe
1128 415 1322 466 regiarum
1345 415 1501 466 nuptia-

18 499 21 506 .
77 482 163 510 rum
186 470 226 509 in
248 469 512 509 Macedoniam
535 475 727 521 asportata
751 470 888 510 suerat.

18 566 20 568 ,
198 525 274 566 Per
306 526 401 565 haec
431 525 572 578 flagitia
608 526 785 566 sollemni
821 525 1055 566 Nemeorum
1092 533 1249 578 peraeto
1286 527 1540 579 paucisque9

18 583 21 617 ἶ
75 583 212 623 additis
250 582 386 622 diebus
422 582 561 634 Dymas
592 588 650 622 est
681 583 881 634 protectus
912 583 957 622 ad
989 583 1224 635 praesidium
1257 583 1498 632 Aetolorum,

19 667 21 690 :
76 639 179 691 quod
201 639 248 679 ab
269 639 372 678 Eleis
393 639 561 679 adcitum
584 647 866 691 acceptumque
895 640 934 679 in
964 639 1100 679 urbem
1132 647 1232 689 erat,
1263 640 1498 680 eiciundum.

18 706 21 739 ζ
77 696 272 748 Cycliadas
294 719 348 725 -—
378 708 499 747 penes
529 708 617 735 eum
648 709 797 735 summa
827 696 979 748 imperii
1011 703 1091 736 erat
1120 719 1174 725 —
1203 697 1425 748 Achaeique
1454 697 1499 736 ad
1525 707 1559 738 10

18 748 21 793 ss
75 753 214 805 Dymas
236 753 318 804 regi
342 765 574 801 occurrere,
609 758 646 792 et
666 752 840 792 Eliorum
868 753 1022 792 accensi
1054 754 1161 801 odio,
1193 753 1297 804 quod
1319 766 1338 792 a
1360 754 1499 792 ceteris

19 825 21 827 ’
75 809 236 850 Achaeis
258 809 532 857 dissentirent,
561 815 597 848 et
618 810 761 849 infensi
783 810 948 857 Aetolis,
981 821 1078 861 quos
1100 810 1318 849 Romanum
1341 822 1498 861 quoque

18 872 21 921 ἵ
73 867 255 907 adversus
287 879 328 906 se
355 866 521 905 movisse
551 865 695 905 bellum
729 865 950 906 credebant.
991 866 1156 917 profecti
1189 879 1207 905 a
1239 866 1370 918 Dymis
1404 878 1498 905 con·
1524 875 1556 906 tt
1616 866 1625 874 ’

18 937 20 944 ’
72 923 207 962 iuncto
238 923 409 962 exercitu
442 928 645 961 transeunt
666 922 844 962 Larisum
872 934 1046 970 amnem,
1082 922 1148 973 qui
1170 922 1297 961 Elium
1320 934 1456 973 agrum
1477 935 1497 961 a

19 971 21 1003 J
71 979 240 1031 Dymaeo
263 979 420 1018 dirimit.
460 978 633 1018 Primum
656 979 770 1027 diem,
799 991 875 1030 quo
898 979 986 1017 finis
1007 978 1178 1018 hostium
1199 978 1366 1030 ingressi
1387 985 1492 1027 sunt,
1517 982 1565 1018 32

20 1064 21 1073 ,
72 1036 297 1088 populando
328 1035 643 1087 absumpserunt.
690 1041 848 1087 postero
879 1035 939 1074 die
968 1035 1049 1074 acie
1078 1035 1268 1075 instructa
1293 1035 1338 1074 ad
1360 1035 1496 1075 urbem

19 1091 21 1116 f
43 1112 47 1114 ·
73 1097 322 1132 accesserunt
338 1091 561 1144 praemissis
583 1091 794 1143 equitibus,
817 1092 883 1143 qui
901 1091 1165 1143 obequitando
1188 1092 1312 1143 portis
1332 1104 1495 1144 promp-

19 1172 21 1178 ·
72 1156 152 1188 tum
194 1148 239 1188 ad
278 1148 529 1188 excursiones
562 1159 686 1199 genus
716 1147 951 1188 lacesserent
975 1148 1213 1187 Aetolorum.
1264 1148 1496 1200 ignorabant
1516 1156 1534 1188 2

73 1205 290 1257 Sulpicium
322 1216 409 1243 cum
440 1204 663 1256 quindecim
695 1204 857 1244 navibus
881 1205 928 1243 ab
949 1204 1149 1256 Naupacto
1174 1204 1356 1256 Cyllenen
1380 1206 1494 1244 traie-

19 1273 21 1314 1
72 1262 170 1302 cisse
192 1267 230 1301 et
254 1261 440 1313 expositis
460 1261 500 1300 in
523 1266 663 1300 terram
688 1266 872 1312 quattuor
892 1260 1063 1301 millibus
1084 1266 1319 1301 armatorum
1337 1261 1493 1301 silentio

20 1339 22 1369 t
71 1319 210 1366 noctis,
233 1331 282 1357 ne
305 1318 481 1369 conspici
500 1330 638 1368 agmen
656 1323 801 1369 posset,
823 1317 988 1357 intrasse
1005 1318 1118 1357 Elim.
1150 1318 1279 1369 itaque
1296 1319 1492 1369 inprovisa
1515 1325 1534 1357 3

20 1414 23 1430 Ι
70 1386 132 1414 res
153 1375 351 1426 ingentem
373 1374 507 1414 iniecit
527 1380 713 1413 terrorem
727 1406 736 1423 ,
767 1383 975 1426 postquam
1006 1374 1110 1414 inter
1132 1374 1288 1414 Aetolos
1309 1375 1492 1426 Eliosque

20 1454 23 1474 1
69 1430 241 1470 Romana
271 1431 380 1481 signa
411 1436 526 1482 atque
558 1443 660 1470 arma
694 1443 924 1482 cognovere.
971 1437 1008 1470 et
1038 1430 1163 1482 primo
1192 1431 1370 1483 recipere
1401 1443 1492 1471 suos
1514 1438 1532 1469 4

68 1487 241 1527 voluerat
269 1499 358 1535 rex;
390 1487 530 1527 deinde
563 1493 761 1527 contracto
794 1488 868 1527 iam
898 1487 1000 1527 inter
1031 1487 1189 1526 Aetolos
1221 1494 1258 1527 et
1278 1487 1417 1527 Trallis
1438 1510 1492 1516 -—

21 1586 23 1590 ,
68 1543 288 1595 lllyriorum
311 1544 347 1582 id
370 1550 427 1583 est
449 1556 574 1595 genus
593 1565 643 1572 —
667 1544 877 1584 certamine
898 1556 985 1583 cum
1008 1543 1140 1595 urgeri
1160 1544 1307 1583 videret
1327 1557 1434 1593 suos,
1456 1551 1493 1583 et

22 1604 23 1633 ἶ
68 1600 151 1652 ipse
173 1613 237 1640 rex
261 1612 348 1640 cum
372 1601 545 1651 equitatu
568 1600 606 1639 in
631 1601 830 1640 cohortem
850 1600 1060 1640 Romanam
1083 1600 1260 1639 incurrit.
1293 1600 1346 1639 ibi
1368 1613 1492 1651 equus
1513 1607 1531 1638 5

20 1733 23 1741 .
67 1713 280 1743 servitutem.
293 1730 338 1735 —-
351 1715 506 1744 verterat
530 1710 614 1744 nach
634 1721 744 1753 vaga-

22 1791 23 1794 ,
69 1758 174 1789 batur
199 1766 226 1790 s.
245 1758 277 1797 5,
295 1758 393 1798 49‚5.
431 1758 590 1798 flagitiis,
616 1766 671 1788 um
697 1756 745 1788 sie

22 1805 23 1808 ’
67 1812 107 1834 zu
141 1801 371 1844 vollbringen,
403 1812 430 1835 s.
457 1803 487 1842 8,
513 1803 568 1842 27,
591 1803 628 1839 5;
655 1803 686 1840 5,
712 1803 743 1841 6,

69 1849 148 1881 3.-
170 1849 244 1887 uni,
270 1856 325 1879 um
351 1846 406 1879 ihn
433 1846 496 1879 den
522 1846 660 1890 nbrigen
687 1856 745 1889 ge-

14 1897 23 1927 .’
66 1891 215 1935 genfiber
239 1902 280 1924 zu
305 1892 443 1925 stellen:
476 1892 602 1932 einem,
632 1891 690 1924 der
713 1910 743 1914 —

67 1947 152 1974 war;
197 1936 257 1970 das
299 1936 378 1980 l'olg.
422 1941 605 1979 asportata
648 1936 742 1975 fuer.

65 1982 195 2016 scheint
209 1982 428 2022 anzudeuten,
443 1982 519 2016 dass
533 1981 642 2015 dieses
652 1981 744 2015 nicht

23 2057 25 2065 ,
67 2027 212 2068 (13111315,
245 2026 388 2061 sondern
414 2027 527 2061 sri'iher
554 2027 742 2070 geschehen

23 2087 25 2116 3
66 2072 317 2114 sei.—Araco,
343 2072 433 2106 Sohn
460 2072 518 2106 des
543 2072 742 2106 beriihmten

66 2118 198 2160 Aratus,
224 2127 250 2150 s.
276 2119 329 2157 32,
355 2120 410 2157 21,
435 2119 492 2152 23:
525 2121 558 2150 et
589 2118 741 2150 Aratum

23 2167 25 2203 j
65 2166 204 2204 patrem
235 2162 418 2205 filiumque
442 2182 485 2187 —
517 2163 720 2202 interfectos
728 2174 742 2203 ,·

24 2210 25 2214 ’
66 2208 122 2247 fili
145 2209 249 2240 eliam
273 2218 421 2241 umorem
453 2208 611 2240 libidinis
636 2219 742 2240 eausa

66 2255 120 2292 (an
146 2263 177 2285 u.
203 2251 252 2286 St.
277 2263 353 2295 spe,
378 2253 489 2286 indem
515 2263 550 2286 er
573 2252 742 2296 Hoffnung

65 2297 209 2337 machte)
219 2299 254 2329 in
264 2297 505 2331 Macedoniam
515 2302 743 2341 asportatam.

24 2348 27 2382 }
113 2345 233 2377 9—11.
259 2342 430 2384 sollemni,
454 2343 575 2377 vorher
590 2344 737 2388 ludicro,

67 2399 92 2423 5.
122 2391 149 2429 1,
175 2391 206 2429 5,
231 2389 261 2421 2.
302 2388 451 2432 Dymas,
478 2399 518 2421 an
544 2388 602 2421 der
626 2388 738 2421 West-

65 2433 163 2467 kuste
195 2432 347 2466 Achaias.
372 2452 415 2457 —
447 2433 559 2475 Eleis,
591 2433 740 2467 311111165-

26 2485 29 2492 ·
66 2488 232 2521 genossen
263 2477 320 2511 der
345 2478 480 2511 Aetoler
512 2478 578 2511 und
605 2478 738 2520 Romer,

9 2524 30 2551 Ἃ
66 2534 91 2557 s.
117 2525 170 2565 26,
196 2525 250 2565 24,
275 2525 311 2561 9;
345 2522 408 2556 den
434 2526 579 2556 ersteren
605 2527 740 2556 stamm-

65 2568 249 2603 verwandt.
264 2588 306 2592 —
324 2568 492 2611 Cycliad.,
517 2567 648 2612 Strateg
662 2578 738 2601 vom

814 1709 877 1742 Mai
895 1712 958 1744 210
973 1710 1024 1743 bis
1038 1709 1138 1743 dahin
1154 1711 1232 1748 209;
1252 1709 1492 1753 Philopoemen

815 1764 884 1788 war
907 1755 992 1789 nach
1013 1755 1196 1788 Pausanias
1211 1756 1243 1795 8,
1257 1756 1298 1789 49
1313 1754 1492 1799 Hipparch.

814 1820 856 1824 —
879 1812 990 1855 penes!
1015 1804 1092 1842 etc„
1125 1799 1392 1843 Umschreibung
1424 1811 1490 1833 von

813 1856 1026 1924 gsst‘ss'fflssfi
1044 1844 1409 1924 sszff‘l'tQUS-ch'ssssinff
1414 1857 1490 1923 2313

812 1938 940 1978 risum,
985 1935 1202 1969 siidwestlich
1245 1946 1310 1968 von
1351 1935 1490 1979 Dymae,

813 1981 912 2015 Paus.
939 1984 969 2023 ἵ,
998 1984 1050 2022 17,
1075 1983 1109 2019 3;
1136 1991 1194 2013 zur
1218 1980 1325 2014 Sache
1349 1991 1375 2014 s.
1401 1981 1488 2014 Plut.

813 2026 944 2070 Philop.
972 2029 1002 2069 7,
1027 2026 1097 2069 vgl.
1121 2025 1194 2059 Pol.
1223 2028 1273 2067 10,
1300 2027 1340 2059 22
1367 2027 1448 2068 (25).

855 2071 917 2107 32.
945 2073 1041 2105 1-3.
1065 2073 1179 2113 portis
1209 2070 1291 2104 fehlt
1322 2070 1365 2103 im
1400 2070 1491 2113 Put.‚

811 2116 897 2150 doch
924 2116 1005 2150 wird
1032 2117 1235 2158 obequitare
1267 2114 1360 2149 nicht
1385 2115 1488 2149 leicht

810 2162 945 2196 absolut
970 2160 1164 2205 gebraucht.
1183 2179 1225 2184 —
1249 2165 1402 2204 prompt.
1429 2161 1487 2201 ad,

812 2218 837 2241 s.
863 2210 918 2248 44,
945 2209 976 2247 4,
1001 2208 1031 2240 2.
1057 2225 1101 2231 —
1126 2209 1236 2248 quau.
1262 2205 1360 2246 mill„
1392 2216 1417 2240 s.
1445 2216 1486 2238 zu

812 2263 839 2286 6.
866 2254 919 2293 30,
941 2254 972 2293 2,
996 2250 1244 2294 Aushebungen
1272 2251 1322 2283 bei
1338 2249 1486 2284 Bundes-

813 2307 979 2341 genossen
1012 2295 1206 2330 ausserhalb
1240 2295 1374 2329 ltaliens
1405 2306 1430 2330 s.
1457 2306 1486 2330 c.

810 2345 840 2386 8,
869 2346 924 2381 15;
950 2344 1004 2380 30,
1029 2343 1084 2383 42,
1109 2343 1139 2374 2.

853 2390 952 2421 4—5.
981 2386 1119 2426 Trallis,
1147 2388 1200 2427 31,
1226 2386 1279 2427 35,
1304 2387 1335 2423 ἲς
1361 2387 1414 2427 37,
1429 2387 1483 2426 39,

812 2435 868 2471 10;
887 2433 930 2466 ib.
944 2434 997 2473 40,
1013 2434 1047 2470 S;
1075 2435 1169 2465 sonst
1188 2429 1272 2463 auch
1291 2429 1405 2463 Tralli
1428 2441 1485 2473 ge-

809 2481 925 2511 nannt.
949 2497 991 2501 —-
1015 2487 1137 2519 genu-9,
1163 2486 1187 2509 s.
1214 2478 1246 2515 8,
1271 2477 1325 2517 29,
1348 2478 1436 2509 4.-
1452 2480 1485 2508 ee

810 2525 902 2565 ipse,
928 2523 959 2555 in
986 2521 1099 2564 Bezug
1125 2520 1181 2554 aus
1204 2525 1385 2553 contracto
1411 2531 1483 2553 cer-

812 2570 954 2601 tamine.
969 2587 1011 2591 -
1031 2577 1106 2608 rear,
1132 2566 1286 2609 obgleich
1311 2565 1393 2599 eben
1408 2576 1483 2598 vor-

1168 2623 1209 2656 6*
