1732 2840
56 143 82 163 a·
103 135 153 163 Ch.
173 134 231 162 209.

517 122 640 157 LtBER
664 122 795 156 xxvn.
843 122 936 156 CAP.
965 123 1015 155 14.
1424 120 1471 158 41

56 236 285 278 obtinebant
315 238 496 285 frontem,
526 244 563 277 et
594 236 630 275 id
661 235 813 275 roboris
843 237 881 275 in
914 237 1020 275 omui
1051 235 1221 276 exercitu
1254 244 1345 276 erat.
1389 250 1477 277 cum

55 306 201 346 anceps
224 293 286 332 diu
310 306 442 345 pugna
464 299 586 339 esset,
620 292 812 332 Hannibal
844 293 1073 344 elephantos
1102 293 1140 332 in
1171 293 1334 344 primam
1357 294 1478 333 aciem
1500 302 1518 333 6

58 351 189 391 induci
213 350 344 397 iussit,
376 350 407 389 si
429 362 545 401 quem
568 349 714 389 inicere
737 362 780 389 ea
801 361 863 389 res
886 349 1097 388 tumultum
1119 362 1162 389 ac
1183 362 1364 401 pavorem
1387 363 1477 402 pos-

57 414 127 448 set.
169 414 206 446 et
233 407 358 458 primo
390 407 598 446 turbarunt
627 406 735 456 signa
759 406 1017 458 ordinesque,
1050 413 1087 445 et
1108 407 1247 457 partim
1271 407 1480 447 occulcatis
1502 415 1519 446 τ

58 464 196 516 partim
221 463 430 515 dissupatis
452 469 613 510 terrore,
646 462 712 514 qui
733 463 834 502 circa
857 470 981 511 erant,
1010 463 1248 502 nudaverant
1271 476 1346 502 una
1371 470 1480 515 parte

56 521 199 569 aciem,
233 520 426 571 latiusque
448 521 537 570 suga
560 525 767 566 manasset,
799 519 837 558 ni
861 518 900 558 C.
923 519 1119 558 Decimius
1141 520 1278 559 Flavus
1299 520 1482 560 tribunus
1502 527 1520 559 δ

56 576 220 616 militum
252 577 366 628 siguo
396 583 552 627 arrepto
584 575 699 627 primi
730 575 866 615 hastati
899 575 1144 628 manipulum
1177 576 1260 615 eius
1298 577 1408 628 sequi
1439 589 1480 616 se

57 633 245 673 iussisset.
288 633 395 672 duxit
417 632 484 672 ubi
505 633 668 672 maxime
691 632 898 672 tumultum
929 632 1181 683 conglobatae
1203 632 1340 672 beluae
1362 633 1479 672 facie-

57 690 162 736 bant,
185 690 340 742 pilaque
362 690 401 728 in
425 703 488 729 eas
511 688 638 729 conici
661 688 783 728 iussit.
826 688 986 728 haesere
1008 689 1136 728 omnia
1159 689 1233 728 tela
1254 690 1356 729 haud
1379 689 1479 728 disfi-
1500 698 1518 727 9

57 747 121 786 cili
144 759 188 786 ex
219 747 443 799 propinquo
475 746 513 785 in
546 751 649 785 tanta
681 757 846 797 corpora
869 745 946 784 ictu
979 752 1016 785 et
1045 752 1127 785 tum
1158 746 1331 785 conserta
1353 745 1479 785 turba.

57 803 124 843 sed
155 809 197 842 ut
228 816 307 843 non
340 815 476 842 omnes
505 802 695 841 vulnerati
727 808 840 849 sunt,
874 802 924 842 ita
946 802 984 841 in
1019 815 1186 854 quorum
1218 803 1336 854 tergis
1366 802 1482 842 infixa

57 865 199 900 stetere
221 860 320 912 pila,
351 866 393 898 ut
415 865 472 898 est
497 871 622 909 genus
643 871 801 910 anceps,
824 858 863 897 in
886 859 1016 910 fugam
1038 860 1138 898 versi
1172 859 1284 898 etiam
1308 860 1482 909 integros

59 923 244 956 avertere.
275 923 357 956 tum
375 916 448 955 iam
468 928 547 954 non
567 926 670 954 unus
687 915 924 966 manipulus,
944 915 1010 954 sed
1027 928 1099 967 pro
1117 928 1158 955 se
1176 915 1342 967 quisque
1357 915 1482 964 miles,
1503 922 1539 954 10

59 973 126 1024 qui
148 973 262 1012 modo
286 972 446 1023 adsequi
468 984 606 1023 agmen
630 971 862 1022 fugientium
887 971 1184 1022 elephantorum
1206 978 1370 1023 poterat,
1406 971 1482 1023 pila

59 1030 253 1069 conicere.
287 1042 332 1068 eo
355 1029 476 1079 magis
493 1040 608 1067 ruere
630 1027 669 1066 in
686 1039 779 1067 suos
799 1027 950 1075 beluae,
973 1033 1160 1079 tantoque
1177 1028 1362 1067 maiorem
1385 1034 1482 1067 stra-

26 1097 31 1100 ·
60 1098 146 1137 gem
169 1086 282 1125 edere
299 1097 411 1136 quam
435 1085 535 1124 inter
556 1084 680 1123 hostis
697 1084 910 1133 ediderant,
934 1090 1079 1136 quanto
1097 1085 1225 1124 acrius
1247 1097 1366 1136 pavor
1387 1097 1482 1124 con-

59 1148 267 1182 sternatam
290 1142 367 1192 agit
389 1153 503 1192 quam
526 1140 732 1180 insidentis
754 1140 928 1191 magistri
948 1141 1112 1192 imperio
1135 1142 1296 1192 regitur.
1331 1141 1368 1180 in
1391 1153 1482 1193 per—
1505 1150 1540 1181 11

60 1198 250 1239 turbatam
292 1205 521 1238 transcursu
565 1197 767 1236 beluarum
809 1197 929 1236 aciem
970 1197 1080 1249 signa
1113 1198 1288 1237 inserunt
1317 1198 1482 1237 Romani

57 1308 84 1332 s.
111 1300 142 1339 ὃ,
167 1300 197 1339 S,
223 1300 253 1339 6,
279 1297 348 1341 vgl.
375 1299 429 1339 27,
454 1298 561 1339 4s,s;
587 1296 672 1330 auch
697 1296 735 1329 H.

57 1343 150 1377 stellt
174 1343 227 1377 ein
253 1343 430 1387 doppeltes
456 1341 587 1375 'rreffen
615 1341 738 1374 auf.—

59 1393 90 1421 el
116 1389 154 1421 id
178 1400 208 1422 r.
219 1402 229 1420 .·
255 1388 309 1422 die
323 1388 568 1430 Kerntruppen,
593 1398 619 1421 s.
637 1388 691 1428 28,
706 1389 737 1427 2,

58 1436 92 1471 4;
123 1433 276 1478 dagegen
302 1435 357 1473 22,
383 1435 413 1474 2,
439 1435 475 1467 3:
502 1432 678 1476 Hispanos
705 1436 737 1464 ec

58 1479 205 1521 Afros,
233 1479 269 1511 id
293 1489 393 1511 omne
407 1480 564 1511 velerani
579 1481 656 1510 erat
681 1488 736 1510 ro-

59 1525 125 1556 bur
149 1526 335 1557 exercilus.
361 1543 405 1548 —
433 1526 468 1555 in
493 1526 646 1565 primam
672 1533 735 1562 ac.‚

58 1569 161 1603 durch
188 1569 241 1602 die
253 1568 546 1602 Zwischenraume
559 1568 737 1602 desselben

58 1625 118 1648 aus
143 1614 218 1648 dem
243 1614 497 1655 Hintertreffen,
532 1624 584 1647 wo
613 1614 661 1647 sie
687 1613 738 1646 bis

59 1659 159 1693 dahin
186 1659 372 1703 gestanden
399 1660 518 1699 haben,
543 1670 568 1692 s.
595 1670 622 1692 c.
649 1661 680 1699 2,
707 1661 737 1692 6.

58 1725 102 1730 ·—-
127 1707 231 1747 signa
258 1705 345 1745 ord„
371 1715 397 1738 s.
425 1715 451 1737 c.
483 1706 510 1745 1,
539 1707 588 1737 10.
615 1723 658 1727 —
684 1714 738 1735 oc-

60 1751 211 1789 culcac.‚-
237 1749 330 1782 mehr
349 1750 380 1782 in
398 1749 455 1782 der
469 1748 738 1782 vorklassischen

57 1795 200 1830 Periode
224 1794 420 1838 gebraucht.
440 1814 484 1818 —
505 1795 696 1827 turbarunt
710 1812 739 1817 —

60 1841 201 1883 nudata,
227 1851 254 1873 s.
280 1850 319 1873 zu
335 1841 389 1881 23,
404 1842 457 1881 29,
477 1842 524 1881 16,
551 1839 670 1872 anders
684 1841 737 1879 21,

60 1888 91 1925 8,
116 1889 147 1919 5.
172 1906 215 1910 -
240 1896 313 1918 uua
338 1897 386 1928 p„
412 1885 470 1918 aus
484 1887 591 1919 einem
610 1884 738 1927 FIfigel,

60 1931 128 1965 wol
153 1930 247 1972 dem,
273 1941 327 1963 wo
353 1930 406 1963 die
431 1931 488 1963 ala
519 1930 636 1972 stand3
671 1940 737 1962 von

61 1976 136 2010 dem
161 1976 305 2010 anderen
330 1975 457 2009 rficken
488 1975 541 2009 die
574 1978 655 2009 rom.
682 1976 739 2008 ha-

60 2022 221 2055 stativor.
244 2020 738 2063 Decim.Fl.,39,32‚t4;Plut.

63 2064 218 2109 Φλάβιος
242 2087 269 2091 -
296 2063 532 2112 ἀπέστρεφεν.
557 2086 600 2091 -
631 2068 741 2108 primi

63 2113 107 2150 Ιι.,
133 2112 196 2145 wie
221 2114 273 2154 26,
291 2115 321 2153 5,
339 2115 394 2151 15;
420 2112 523 2155 Marq.
550 2113 582 2153 2,
607 2113 740 2146 335.-

64 2158 125 2189 ubi
148 2174 192 2185 =
217 2168 267 2198 eo,
293 2159 364 2190 ubi.
388 2177 431 2181 —
457 2158 531 2199 pila
558 2167 585 2190 s.
611 2159 739 2198 s‚8,5;

64 2212 122 2234 zur
146 2200 251 2235 Sache
276 2203 344 2245 vgl.
370 2204 423 2244 30,
449 2205 503 2243 33,
531 2205 580 2236 15.

110 2249 231 2281 9-10,
257 2252 387 2288 ellum,
411 2248 515 2281 sehon
531 2257 570 2280 an
586 2247 656 2280 sicli
673 2257 742 2279 war

63 2302 99 2325 es
135 2292 237 2325 leieht
271 2292 324 2325 die
360 2303 497 2336 grossen
530 2292 663 2326 Massen
700 2303 741 2324 zu

64 2337 192 2370 tretsen.
216 2337 379 2378 undjetzt
391 2349 444 2371 um
459 2348 497 2371 so
511 2338 614 2378 mehr,
635 2337 674 2370 da
694 2338 741 2371 sie

63 2392 101 2415 so
121 2382 284 2426 gedriingt
299 2383 452 2416 standen.
466 2403 506 2407 —
521 2387 656 2425 stetere,
683 2383 741 2415 mit

66 2428 180 2467 infixa
207 2427 409 2467 verbunden,
435 2428 563 2461 starker
587 2428 636 2461 als
663 2429 742 2460 hae—

64 2484 150 2506 sere.
177 2492 220 2496 —
246 2477 284 2504 ut
310 2477 370 2513 esl,
396 2482 432 2505 so
459 2473 529 2505 tritt
556 2477 623 2515 est,
648 2477 741 2513 sunl,

66 2523 154 2559 erat,
181 2521 210 2557 5,
238 2520 292 2557 50,
322 2520 347 2557 1,
377 2518 590 2560 gewohnlich
615 2529 656 2551 an
682 2519 741 2552 das

65 2563 169 2596 durch
196 2563 290 2596 einen
318 2563 538 2606 allgemeinen
560 2563 741 2596 Gedanken

806 1301 912 1330 etwas
946 1295 1130 1339 Specielles
1166 1297 1401 1340 hestatigende
1434 1302 1485 1338 ut,

806 1342 874 1384 vgl.
902 1344 954 1383 30,
985 1344 1036 1383 12,
1066 1344 1122 1380 18,
1150 1344 1204 1384 22,
1217 1344 1247 1382 2,
1263 1345 1293 1384 4,
1320 1342 1440 1376 anders
1454 1344 1486 1384 8,

807 1389 860 1428 24,
893 1390 931 1421 6;
966 1392 1007 1419 ut
1035 1388 1207 1430 pleraque
1241 1390 1314 1420 eius
1344 1390 1486 1429 generis

806 1434 951 1475 ingenia
985 1437 1084 1474 sune,
1117 1434 1170 1472 21,
1198 1435 1251 1472 35,
1282 1436 1334 1471 11;
1362 1433 1420 1466 der
1444 1443 1485 1466 zu

806 1477 1039 1521 bestatigende
1072 1477 1232 1512 Gedanke
1262 1478 1347 1521 folgt
1380 1478 1484 1517 nach;

807 1533 935 1564 anceps
961 1523 1157 1556 bezeichnet
1181 1523 1284 1556 daher
1308 1524 1361 1556 die
1374 1524 1484 1557 Unzu-

806 1568 1043 1611 verl'assigkeit
1067 1569 1101 1602 in
1126 1579 1163 1602 so
1191 1568 1259 1602 sern
1287 1569 1371 1602 auch
1393 1569 1486 1602 nicht

806 1613 1026 1647 verwundete
1059 1624 1118 1646 zur
1150 1614 1268 1647 Flucht
1299 1614 1370 1647 sich
1406 1614 1486 1647 fort-

807 1659 933 1692 reissen
966 1659 1088 1692 lassen.
1114 1678 1159 1683 —
1191 1663 1358 1701 tantoque
1382 1679 1409 1683 —
1433 1671 1486 1692 re-

805 1706 918 1746 gitur,
938 1704 1012 1737 eine
1026 1703 1341 1747 Doppelgleichung
1356 1704 1419 1737 wie
1433 1706 1486 1745 21,

808 1752 862 1790 44,
878 1751 914 1787 3;
930 1751 961 1789 4,
977 1751 1028 1788 23,
1043 1751 1074 1782 6.
1099 1768 1143 1773 --
1168 1753 1428 1781 consternatam
1455 1760 1486 1782 n.

809 1795 957 1833 beluam,
982 1794 1040 1827 der
1053 1794 1220 1837 Singular,
1246 1794 1322 1827 weil
1343 1794 1417 1827 eine
1429 1794 1488 1826 all-

809 1839 1035 1882 gemeine‚die
1046 1839 1488 1882 Thiergattungfiberhaupt

808 1884 1013 1918 betrefsende
1039 1884 1200 1918 nichtaus
1211 1884 1274 1918 den
1297 1885 1487 1927 damaligen

808 1930 896 1970 Fall,
931 1930 995 1963 wie
1027 1931 1146 1971 edere,
1177 1930 1401 1963 beschrankte
1427 1930 1488 1963 Be-

810 1975 973 2018 merkung
999 1975 1155 2018 gemacht
1180 1974 1274 2015 wird,
1299 1976 1368 2018 vgl.
1391 1985 1417 2008 c.
1433 1976 1487 2016 49,

814 2023 840 2055 1.
865 2041 908 2045 —
935 2031 1039 2063 quam
1066 2031 1096 2053 n.
1123 2023 1266 2061 act-iter,
1292 2020 1364 2053 eine
1381 2020 1488 2052 mehr-

809 2066 884 2099 sach
917 2065 1181 2099 vorkommende
1211 2065 1318 2098 Ktirze
1350 2065 1382 2097 in
1408 2064 1489 2098 Ver-

811 2111 1046 2154 gleichungen,
1065 2121 1090 2144 s.
1109 2113 1162 2152 34,
1179 2113 1207 2150 7,
1224 2112 1258 2143 3:
1286 2121 1393 2152 equus
1407 2115 1488 2143 tuus

810 2159 1002 2199 speciosius
1014 2159 1185 2188 instratus
1197 2158 1265 2187 eric
1274 2157 1378 2197 'quam
1393 2166 1489 2188 uxor

811 2204 959 2242 vestam
983 2204 1036 2242 35,
1055 2203 1104 2239 12,
1125 2203 1177 2234 1οε
1204 2211 1271 2243 quo
1297 2211 1342 2232 ει
1361 2201 1488 2232 altiore

810 2246 958 2289 faschio
993 2258 1058 2279 rear
1091 2257 1195 2288 quam
1230 2250 1406 2290 tyrannus
1433 2244 1488 2278 de—

813 2296 946 2325 tractus
961 2296 1055 2332 era&
1070 2293 1123 2333 32,
1143 2293 1191 2331 13,
1207 2293 1223 2323 7
1241 2301 1272 2323 u.
1288 2301 1315 2323 a.
1344 2292 1488 2332 acriter,

811 2337 879 2380 vgl.
911 2340 960 2378 10,
987 2339 1086 2380 2,13‚
1112 2338 1155 2369 ist
1180 2346 1220 2368 au
1246 2346 1276 2369 u.
1293 2334 1340 2369 St.
1366 2336 1433 2369 wol
1458 2336 1490 2368 in

812 2382 997 2416 Rucksicht
1022 2382 1079 2415 aus
1098 2381 1160 2413 den
1178 2381 1344 2424 stimulus,
1369 2381 1489 2414 dessen

811 2428 880 2461 sich
909 2431 966 2461 der
982 2427 1120 2467 Lenker,
1147 2429 1315 2469 magister
1340 2425 1392 2459 od.
1415 2437 1489 2459 rec-

813 2478 878 2514 tor,
905 2484 931 2506 c.
958 2474 1010 2513 49,
1042 2476 1069 2513 1,
1097 2471 1204 2504 ludus
1231 2473 1284 2511 38,
1308 2474 1355 2512 14,
1380 2473 1409 2513 2,
1435 2471 1491 2504 be-

812 2518 935 2555 diente‚
963 2522 1092 2560 gesagt.

863 2565 999 2596 11-13μ
1026 2563 1195 2604 perturb„
1221 2563 1252 2595 in
1279 2561 1331 2595 die
1345 2560 1491 2602 Lficken,
