1732 2840
230 107 281 146 74
660 108 782 141 LIBER
808 107 921 142 XXIX.
970 106 1062 141 CAP.
1088 108 1141 141 31.
1168 109 1219 141 32.

1498 125 1524 144 a.
1545 124 1573 144 u*-
1593 118 1653 145 550.

229 224 509 265 mercatoribus
537 221 824 275 appellentibus
855 234 971 260 naves
1002 221 1047 261 ad
1069 222 1107 261 id
1128 222 1277 274 ipsum,
1304 221 1515 273 pluresque
1536 232 1652 274 quam

171 288 207 321 12
228 282 330 322 iusto
353 294 466 332 saepe
488 281 527 319 in
550 279 650 318 bello
669 278 1005 329 Carthaginienses
1028 279 1208 318 caderent
1225 284 1549 331 caperenturque.
1585 278 1652 317 de-

229 338 433 392 plorabant
466 349 508 376 ea
539 336 641 388 apud
674 335 889 388 Syphacem
921 335 1277 385 Carthaginienses,
1310 335 1585 387 infensumque
1616 339 1654 374 et

229 397 355 448 ipsum
372 394 417 433 ad
439 393 623 445 reliquias
640 392 729 432 belli
749 392 1038 444 persequendas
1053 391 1299 442 instigabant.
1342 392 1407 431 sed
1424 392 1483 431 vix
1500 391 1653 443 regium

226 452 428 491 videbatur
448 450 638 489 latronem
661 461 798 500 vagum
820 449 859 488 in
882 448 1083 487 montibus
1105 448 1332 487 consectari.

159 510 208 546 32

341 507 465 547 Bucar
481 520 526 546 ex
542 506 746 559 praefectis
767 506 897 557 regiis,
920 505 974 544 vir
995 517 1082 545 acer
1103 512 1139 544 et
1159 505 1328 557 inpiger,
1349 504 1393 544 ad
1412 504 1448 543 id
1465 504 1650 552 delectus,

228 570 266 605 et
283 565 366 604 data
384 569 568 616 quattuor
583 563 702 602 millia
719 563 906 615 peditum,
924 562 1000 601 duo
1018 562 1215 614 equitum;
1234 561 1575 613 praemiorumque
1590 561 1650 599 in-

227 622 334 674 genti
365 633 433 673 spe
464 627 667 667 oneratus,
699 620 730 658 si
761 625 877 672 caput
899 619 1121 658 Masinissae
1146 618 1343 658 retulisset
1363 624 1426 656 aut
1449 617 1575 656 vivum
1597 639 1652 646 —-

187 685 205 717 2
226 679 264 718 id
296 691 385 717 vero
416 677 694 717 inaestimabile
726 676 908 727 gaudium
941 677 1022 715 fore
1052 699 1104 703 —
1137 675 1316 727 cepisset.
1360 674 1508 727 palatos
1539 674 1651 713 incu-

226 736 329 775 riose
357 735 506 785 agentis
535 733 734 786 inproviso
765 733 947 781 adortus,
977 744 1163 784 pecorum
1193 732 1475 783 hominumque
1504 730 1652 782 ingenti

226 792 474 831 multitudine
503 804 522 830 a
554 791 745 843 praesidio
777 796 1011 830 armatorum
1044 789 1219 836 exclusa,
1251 788 1492 827 Masinissam
1522 789 1652 839 ipsum

186 856 204 889 3
225 861 314 888 cum
346 848 479 900 paucis
510 849 549 886 in
583 848 762 886 verticem
793 847 938 886 montis
969 846 1178 897 compellit.
1229 845 1318 884 inde
1349 857 1471 897 prope
1504 844 1578 884 iam
1610 849 1652 883 ut

226 905 440 952 debellato,
471 917 543 943 nec
583 905 723 956 praeda
753 904 868 942 modo
908 915 1096 956 pecorum
1136 902 1418 953 hominumque
1449 906 1652 953 captorum

226 963 341 1001 missa
369 963 415 1001 ad
445 974 599 1011 regem,
630 962 696 1000 sed
727 961 869 1012 copiis,
903 966 942 999 ut
973 959 1170 1011 aliquanto
1201 958 1413 997 maioribus
1435 970 1549 1010 quam
1579 969 1650 1009 pro

185 1026 204 1057 4
225 1019 400 1070 reliquiis
430 1017 533 1066 belli,
564 1018 748 1063 remissis,
771 1030 858 1056 cum
882 1030 903 1055 n
926 1017 1028 1056 haud
1050 1015 1217 1067 amplius
1238 1015 1431 1067 peditibus
1453 1014 1652 1053 ducentis-

227 1089 302 1127 que
338 1075 534 1127 equitibus
565 1075 790 1125 degressum
820 1074 920 1124 iugis
949 1073 1190 1112 Masinissam
1219 1077 1449 1124 persecutus
1488 1072 1527 1110 in
1556 1070 1652 1110 valle

225 1198 458 1229 Phocaeenses
478 1216 503 1220 -—
529 1199 672 1237 ‘impune
690 1196 838 1228 eludere.
858 1215 901 1218 —-

225 1246 412 1275 mereator.
427 1262 452 1265 -
467 1244 592 1283 ipsum,
612 1241 756 1274 darnach
775 1243 901 1274 musste

225 1288 284 1320 der
296 1287 444 1320 Zustand
459 1287 610 1319 ziemlich
626 1287 725 1328 lange
740 1286 902 1328 gedauert

225 1333 352 1371 haben3
384 1332 537 1375 zugleich
571 1332 660 1373 zeigt
691 1331 744 1364 die
772 1331 903 1364 Bemer-

224 1378 334 1421 kung,
371 1377 448 1410 dass
474 1387 549 1410 man
575 1377 646 1410 sich
672 1376 756 1409 nach
781 1377 816 1409 L.
842 1376 901 1409 das

225 1423 366 1466 Gebirge
394 1423 484 1456 nicht
508 1432 545 1455 so
579 1423 659 1455 weit
690 1432 767 1454 vom
792 1421 901 1454 Meere

225 1479 265 1501 zu
290 1468 421 1501 denken
448 1468 514 1500 hat.
542 1487 583 1491 —-
610 1470 713 1508 iusto,
739 1469 901 1508 s.21,53,

228 1517 260 1552 1;
287 1516 341 1554 31,
370 1516 420 1555 14,
452 1516 500 1546 10.
527 1533 570 1536 -
600 1524 722 1555 saepe,
755 1512 902 1546 welches

223 1569 300 1591 man
326 1559 404 1591 eher
432 1559 475 1591 im
501 1558 705 1601 Hauptsatze
739 1561 901 1590 erwarten

224 1604 334 1645 sollte,
359 1604 403 1636 ist
427 1605 460 1636 in
479 1603 542 1637 den
557 1603 755 1636 verktirzten
770 1603 901 1636 Neben-

224 1653 294 1682 satz
320 1659 480 1692 gezogen.

230 1719 234 1727 .
267 1693 328 1729 32.
356 1696 452 1728 1-2.
479 1695 615 1736 Bucar,
647 1694 706 1727 auf
734 1693 824 1726 einer
848 1693 900 1725 ln—

225 1740 340 1773 schrift
364 1740 516 1772 Boncar.
542 1759 586 1762 —
612 1750 656 1771 ea:
679 1738 797 1781 praef.
824 1749 898 1780 reg.

223 1786 408 1827 attributiv,
436 1785 504 1828 vgl.
531 1787 583 1824 30,
598 1787 651 1822 42,
667 1787 702 1823 6;
729 1786 759 1825 S,
777 1786 829 1826 24,
849 1786 899 1817 12.

222 1850 266 1854 -
284 1833 423 1871 ingenti
439 1831 481 1863 ist
507 1831 634 1872 ausspe
648 1830 809 1872 bezogen,
836 1830 900 1862 wie

223 1877 277 1917 28,
309 1878 363 1917 43,
397 1878 425 1908 1.
459 1895 502 1899 -
535 1878 727 1915 inaestim.,
767 1877 819 1914 35,
850 1877 900 1916 14,

225 1923 263 1954 12
297 1921 390 1952 velut
415 1921 726 1959 inaestimabilem;
762 1922 817 1961 31,
846 1921 900 1961 34,

223 1968 253 2007 3,
279 1966 346 2008 vgl.
374 1967 426 2007 37,
455 1968 508 2004 57,
535 1968 590 2003 15,
617 1965 735 1997 anders
761 1965 899 1997 braucht

222 2011 337 2044 Cicero
363 2010 422 2044 das
448 2011 544 2043 Wort
568 2011 637 2043 Fin.
664 2012 694 2050 3,
721 2012 752 2048 6,
779 2011 831 2043 20.
854 2028 898 2032 -

221 2059 410 2096 incuriose,
438 2066 466 2089 c.
494 2058 524 2097 3,
550 2057 584 2094 ὃς
612 2055 689 2088 Tae.
716 2055 753 2088 H.
781 2057 812 2096 4,
835 2056 895 2088 28:

222 2112 342 2134 eaesae
357 2102 515 2134 cohortes
525 2120 551 2124 -
562 2102 778 2133 incuriosius
792 2110 897 2141 agen-

223 2151 271 2178 tes
280 2160 292 2187 ,·
317 2147 399 2179 iiber
412 2146 464 2179 die
478 2145 828 2188 Zusammenstellung
841 2145 898 2178 der

222 2191 378 2235 Particip.
398 2194 428 2233 3,
443 2194 473 2233 5,
493 2194 547 2225 10:
571 2191 712 2234 palatos
728 2191 898 2233 praedam

223 2242 389 2279 agences;
415 2237 498 2270 oben
526 2247 554 2269 c.
579 2239 610 2277 9,
636 2239 672 2274 4;
699 2239 752 2276 30,
783 2238 834 2277 19,
860 2238 896 2275 7;

223 2284 253 2323 2,
279 2285 333 2325 46,
359 2285 396 2315 4;
423 2283 456 2314 in
481 2282 539 2314 der
556 2282 781 2324 Zerstreuung
805 2292 899 2324 sorg-

221 2328 283 2360 los.
309 2347 353 2350 —
378 2329 527 2369 ingenti,
551 2338 579 2359 c.
606 2329 660 2364 31,
679 2329 714 2360 S:
741 2327 899 2368 aliquot,-

222 2372 282 2405 das
296 2372 393 2405 Wort
410 2375 535 2415 ingens
548 2372 604 2411 ist,
629 2371 693 2404 wic
712 2371 897 2414 uberhaupt

223 2418 270 2449 oft
294 2428 359 2450 von
377 2418 422 2459 L.,
449 2428 485 2450 so
507 2417 687 2450 besonders
713 2417 745 2448 in
771 2416 896 2450 diesem

222 2462 420 2496 Abschnitte
434 2462 548 2506 haufig
561 2462 756 2505 gebraucht,
782 2472 808 2495 5.
823 2463 842 2503 ἐ
857 2464 895 2500 4;

223 2509 260 2545 7;
292 2509 344 2545 12;
373 2510 425 2550 30,
452 2510 470 2541 8
496 2519 526 2540 u.
554 2518 676 2540 a.—a
697 2507 896 2550 praesid—

223 2552 383 2595 eoeclusa,
419 2553 675 2596 abgeschnitten
709 2563 776 2585 von
808 2552 896 2586 ihrer

972 1194 1195 1228 bewaffneten
1214 1193 1432 1237 Bedeckung,
1459 1193 1524 1226 wie
1548 1195 1580 1235 4,
1597 1194 1650 1235 39,

975 1243 1009 1274 1:
1036 1241 1145 1272 donec
1171 1259 1197 1262 -
1224 1241 1266 1271 ab
1290 1241 1363 1271 suis
1389 1239 1655 1279 excludantur,-

972 1285 1025 1318 die
1039 1284 1322 1327 Zweideutigkeit
1348 1284 1431 1317 wird
1456 1283 1560 1316 durch
1586 1283 1651 1316 den
1703 1296 1706 1300 ’

971 1330 1262 1372 Zusammenhang
1288 1329 1461 1372 gehoben,
1487 1340 1512 1362 5.
1540 1330 1571 1368 3,
1600 1330 1649 1370 13,

975 1378 1030 1414 1ος
1058 1378 1088 1417 8,
1117 1377 1168 1416 12,
1196 1377 1232 1408 17
1260 1385 1292 1407 u.
1318 1384 1347 1408 a.

1018 1423 1116 1454 3—5.
1143 1424 1184 1452 ut
1208 1420 1344 1460 debell„
1369 1419 1474 1452 durch
1500 1419 1559 1452 das
1581 1419 1650 1452 ein-

974 1466 1186 1508 geschobene
1198 1469 1237 1497 ut
1250 1464 1333 1497 wird
1344 1464 1397 1498 die
1411 1465 1476 1498 fast
1487 1464 1650 1498 erreichte

973 1511 1193 1554 Beendigung
1217 1510 1275 1543 des
1290 1510 1408 1552 Kriegs
1427 1510 1475 1543 als
1489 1510 1562 1542 eine
1577 1509 1650 1544 blos

973 1556 1157 1599 gedachte,
1190 1555 1416 1598 eingebildete
1441 1555 1650 1598 dargestellt,

972 1603 1052 1634 aber
1076 1601 1179 1634 durch
1205 1612 1268 1633 nec
1293 1600 1379 1634 doch
1404 1601 1464 1633 mit
1484 1600 1560 1633 dem
1578 1610 1649 1634 was
1701 1640 1707 1643 .

972 1648 1004 1680 in
1019 1647 1121 1690 Folge
1147 1647 1204 1679 der
1222 1646 1395 1679 Annahme
1420 1645 1573 1679 wirklich
1591 1655 1649 1689 ge-

972 1692 1118 1725 schehen
1144 1692 1203 1725 ist:
1230 1693 1364 1733 praeda
1382 1711 1405 1714 —
1421 1693 1575 1723 remissis
1601 1691 1649 1724 als

971 1737 1082 1780 gleich
1122 1737 1260 1780 gestellt
1308 1736 1518 1775 verbunden;
1568 1736 1650 1770 iiber

968 1794 1080 1825 prope
1105 1785 1176 1815 iam
1194 1782 1260 1826 vgl.
1281 1784 1312 1823 2,
1330 1784 1426 1823 14,7:
1452 1792 1564 1825 prope
1577 1783 1649 1814 iam

970 1831 1143 1868 victores;
1167 1831 1221 1869 45,
1236 1830 1289 1865 41,
1308 1830 1362 1866 11;
1391 1826 1524 1860 Terent.
1549 1826 1646 1860 Haut.

974 1876 1120 1915 1,1‚46‚:
1147 1884 1258 1914 prope
1283 1875 1354 1904 iam
1379 1876 1418 1904 ul
1441 1882 1508 1914 pro
1534 1882 1648 1904 uxore
1701 1889 1703 1892 .

971 1919 1118 1958 habeat;
1142 1918 1294 1960 dagegen
1324 1919 1351 1959 1,
1367 1919 1420 1958 37,
1436 1919 1473 1951 6:
1497 1917 1647 1959 perditis

970 1966 1040 1995 iam
1065 1974 1176 2005 prope
1201 1964 1324 2002 rebus5
1357 1962 1444 1995 ohne
1472 1964 1542 1994 iam
1567 1961 1667 1996 oder·

966 2019 1077 2051 prope
1102 2019 1129 2040 c.
1146 2009 1249 2047 28‚4;
1278 2009 1329 2048 30,
1345 2009 1376 2046 8,
1395 2010 1429 2040 1:
1457 2007 1551 2039 velut
1576 2010 1647 2040 iam

969 2054 1160 2092 debellalo‚·
1188 2055 1242 2093 26,
1268 2054 1319 2093 21,
1338 2056 1378 2086 4:
1406 2055 1508 2095 quasi
1533 2053 1645 2085 debel-

969 2100 1052 2133 lato.
1101 2098 1195 2131 Auch
1228 2102 1268 2130 ut
1300 2098 1346 2130 al.
1372 2109 1460 2130 mar.
1486 2098 1530 2131 ist
1553 2098 1645 2132 bloss

968 2143 1160 2186 gedachter,
1186 2143 1363 2186 bedingter
1381 2143 1492 2177 Grund
1519 2145 1572 2184 24,
1590 2146 1646 2183 45,

972 2192 1022 2223 11.
1047 2208 1091 2213 -
1115 2189 1176 2220 sed
1200 2199 1275 2231 cop.
1310 2193 1373 2222 etc.
1407 2188 1494 2221 ohne
1528 2190 1644 2231 etiam,

968 2234 1045 2267 weil
1078 2234 1188 2267 dieses
1220 2233 1279 2267 das
1308 2234 1402 2267 Erste
1435 2233 1517 2267 weit
1548 2233 1645 2267 iiber-

967 2280 1082 2312 bietet.
1109 2299 1153 2302 —
1180 2282 1305 2322 copiis,
1339 2279 1513 2322 Tmppen,
1544 2278 1574 2312 d.
1609 2278 1642 2313 h.

968 2325 1064 2358 einen
1098 2324 1212 2365 Theil,
1251 2324 1331 2357 oder
1366 2324 1429 2357 den
1467 2326 1642 2367 grosseren

967 2370 1063 2403 Theil
1090 2370 1147 2403 der
1167 2370 1327 2413 Trnppen
1352 2369 1502 2402 schickte
1528 2379 1563 2402 er
1586 2379 1643 2402 zu-

966 2415 1059 2455 rock,
1086 2425 1156 2448 was
1176 2415 1301 2457 J‘edoch
1327 2418 1395 2448 erst
1419 2424 1479 2447 aus
1505 2424 1582 2446 cum
1596 2414 1640 2446 D.

967 2461 1064 2492 haud
1089 2471 1180 2503 amp.
1207 2463 1289 2493 ete:
1316 2460 1377 2492 mit
1402 2470 1463 2493 nur
1477 2461 1542 2493 500
1556 2469 1641 2492 uSW.

966 2505 1107 2539 erkannt
1148 2505 1281 2539 werden
1329 2504 1430 2537 kann.
1467 2523 1510 2527 —
1545 2504 1644 2536 haud

967 2561 1069 2594 amp.⁷
1095 2561 1122 2584 s.
1149 2553 1202 2592 28,
1232 2553 1258 2593 1,
1280 2553 1310 2584 5.
1347 2550 1405 2583 Die
1423 2549 1503 2582 Zahl
1527 2549 1572 2583 ist
1595 2549 1641 2582 im
