1732 2840
183 85 266 125 232

645 87 769 121 LIBER
792 87 936 121 xxvnl.
984 87 1078 121 CAP.
1104 89 1158 122 42.

1455 105 1479 125 a.
1499 105 1533 135 u..
1547 100 1609 127 549.

186 216 232 243 eo
251 203 406 255 quidem
424 203 554 241 minus
574 202 723 249 vellem,
747 208 784 242 et
805 203 842 242 id
866 208 941 251 tua,
965 215 1044 242 non
1068 204 1122 242 rei
1140 202 1320 255 publicae
1336 202 1462 242 solum
1480 215 1607 252 causa,

184 260 258 299 iter
288 260 418 298 datum
448 259 548 298 victo
580 260 620 298 in
642 259 789 299 Italiam
821 272 917 299 csse.

977 265 1111 312 patere
1138 272 1210 299 nos
1231 260 1373 306 omnia,
1396 272 1495 312 quae
1515 272 1607 312 pro·

185 329 297 369 spera
327 316 396 355 tibi
427 328 471 355 ac
502 316 639 368 populi
671 316 835 356 Romani
867 316 1030 368 imperio
1061 329 1236 364 evenere,
1271 324 1335 356 [uo
1358 315 1521 355 consilio
1543 317 1609 356 ad-

186 374 354 424 signare,
385 372 540 411 adversa
572 372 726 412 casibus
756 373 917 412 incertis
947 372 1038 412 belli
1070 380 1107 413 et
1128 374 1306 413 fortunae
1336 373 1513 424 delegare
1534 386 1608 412 -τ

129 437 164 471 16
187 442 264 481 quo
295 428 432 468 melior
463 430 677 481 fortiorque
699 442 753 477 es,
785 442 830 469 eo
852 429 975 481 magis
1001 429 1115 469 talem
1145 430 1361 482 praesidem
1391 430 1464 469 sibi
1485 429 1609 482 patria

185 492 302 537 atque
323 486 504 525 universa
526 486 632 525 Italia
654 486 807 525 retinet.
840 498 920 525 non
942 492 1054 539 potes
1075 499 1123 526 ne
1145 488 1228 539 ipse
1251 487 1406 538 quidem
1428 486 1608 526 dissimu-

185 542 278 590 lare,
310 542 377 582 ubi
399 542 593 582 Hannibal
624 543 685 590 sit,
716 542 768 582 ibi
801 548 919 595 caput
948 549 1064 595 atque
1094 555 1222 583 arcem
1252 544 1369 582 huius
1398 542 1490 582 belli
1513 555 1609 591 esse,

186 599 333 651 quippe
366 599 431 651 qui
463 612 555 651 prae
586 606 623 638 te
654 600 754 639 feras
784 611 867 639 eam
888 599 957 639 tibi
979 612 1133 640 causam
1155 600 1357 640 traiciendi
1378 599 1417 638 in
1440 600 1610 639 Africam

129 664 164 696 17
187 668 284 703 esse,
307 663 349 695 ut
366 655 625 695 Hannibalem
647 668 692 695 eo
710 656 861 696 trahas:
884 657 962 696 sive
978 657 1041 696 hic
1058 657 1176 708 igitur
1192 657 1270 696 sive
1287 656 1378 704 illic,
1397 668 1486 695 cum
1503 656 1611 696 Han-

186 712 315 752 nibale
347 718 404 751 est
438 712 505 751 tibi
537 713 665 752 futura
695 725 770 752 res.

828 718 960 752 utrum
992 714 1147 753 tandem
1179 725 1270 764 ergo
1302 713 1452 752 firmior
1473 714 1549 753 eris
1570 713 1610 752 in

185 768 314 808 Africa
346 768 463 816 solus,
495 782 542 808 an
564 770 628 808 hic
650 776 716 809 tuo
739 769 1004 822 conlegaeque
1025 771 1080 809 tui
1104 770 1273 809 exercitu
1296 768 1541 809 coniuncto?
1562 782 1612 809 ne

188 825 370 865 Claudius
401 826 557 877 quidem
590 833 627 866 et
648 826 778 866 Livius
799 826 982 866 consules
1003 832 1081 866 tam
1102 827 1249 866 recenti
1271 827 1464 879 exempl0,
1488 839 1612 878 quan·

128 890 165 922 18
186 888 269 921 tum
290 882 328 921 id
349 882 515 931 intersit,
538 883 774 923 documento
796 881 917 922 sunt?
940 882 1062 935 quid?
1093 883 1353 922 Hannibalem
1375 890 1505 922 utrum
1527 890 1612 922 tan-

187 939 274 978 dem
306 944 500 978 extremus
530 940 697 991 angulus
728 940 810 991 agri
831 940 987 988 Bruttii,
1018 941 1160 979 frustra
1192 940 1265 979 iam
1288 939 1353 979 diu
1384 946 1613 992 poscentem

187 995 234 1034 ab
256 995 372 1034 domo
395 996 548 1044 auxilia,
570 1009 618 1035 an
642 997 863 1049 propinqua
889 995 1080 1048 Carthago
1104 1003 1140 1036 et
1161 1002 1240 1036 tota
1262 996 1365 1036 socia
1393 996 1520 1036 Africa
1542 1008 1613 1049 po·

127 1059 167 1092 19
187 1052 397 1091 tentiorem
429 1053 544 1091 armis
572 1053 743 1105 virisque
775 1052 917 1093 saciet?
962 1054 1066 1105 quod
1097 1054 1198 1093 istud
1230 1053 1437 1092 consilium
1471 1059 1527 1092 est
1558 1052 1612 1092 ibi

186 1108 301 1148 malle
332 1109 556 1158 decernere,
588 1109 655 1148 ubi
686 1116 775 1149 tuae
796 1110 954 1149 dimidio
977 1110 1150 1149 minores
1172 1110 1308 1162 copiae
1329 1110 1420 1158 sint,
1441 1109 1614 1149 hostium

185 1165 310 1204 multo
342 1166 523 1213 maiores,
555 1179 670 1217 quam
692 1166 760 1206 ubi
782 1166 936 1206 duobus
957 1166 1192 1206 exercitibus
1213 1167 1396 1206 adversus
1417 1178 1540 1205 unum
1558 1172 1615 1205 tot

186 1221 347 1274 proeliis
378 1229 416 1261 et
447 1229 522 1261 lam
543 1223 727 1262 diuturna
750 1230 786 1262 et
806 1223 911 1274 gravi
932 1223 1068 1262 militia
1092 1223 1236 1262 sessum
1258 1223 1514 1275 pugnandum
1536 1220 1614 1262 sit?

186 1377 244 1400 um
269 1367 332 1400 den
357 1367 486 1411 Begriff
506 1367 798 1409 hervorzuheben‚
824 1367 865 1401 da

187 1422 223 1446 es
238 1412 452 1455 gewehnlicb
470 1413 563 1445 nicht
576 1416 749 1456 zugesetzt
762 1413 864 1446 wird:

187 1458 237 1491 als
262 1457 307 1490 du
331 1458 388 1490 ibn
409 1458 442 1490 in
457 1457 571 1491 deiner
584 1458 715 1491 Gewalt
728 1458 864 1492 hattest.

186 1522 231 1527 —
258 1507 318 1535 tua
345 1513 471 1542 causa,
497 1503 538 1535 da
563 1503 651 1536 dann
677 1504 774 1537 deine
799 1504 866 1537 Un-

186 1547 350 1591 fabigkeit
383 1548 475 1581 nicht
504 1548 651 1582 sichtbar
683 1549 865 1592 geworden

186 1596 288 1627 ware.
303 1598 481 1636 ——patere
507 1597 584 1635 etc„
610 1595 729 1627 bittere
747 1595 865 1638 lronie,

186 1639 253 1671 wie
277 1638 381 1672 sehon
408 1649 507 1681 quem
527 1643 563 1671 tu
578 1643 653 1680 etc„
678 1640 744 1672 und
771 1640 866 1672 elau-

186 1694 312 1726 surus,
344 1684 450 1717 bildet
474 1684 539 1717 den
564 1684 765 1729 Uebergang
789 1696 866 1718 zum

185 1723 281 1773 Folg.
306 1747 350 1753 -
374 1740 546 1772 prospera
565 1741 627 1773 ev„
652 1741 679 1764 s.
696 1733 750 1773 21,
766 1732 819 1771 21,
834 1732 866 1771 9,

187 1785 263 1807 zum
289 1774 469 1808 Gedanken
495 1785 521 1808 s.
549 1775 615 1808 Cic.
642 1775 683 1808 de
707 1776 787 1819 imp.
806 1777 864 1809 Cn.

186 1819 305 1862 Pomp.
339 1822 372 1860 4,
402 1822 451 1852 10.
475 1839 520 1844 -—
549 1821 713 1863 delegare
745 1822 789 1854 ist
819 1821 867 1854 ost

186 1864 240 1897 bei
264 1865 316 1897 L.:
342 1865 573 1897 zuschreiben.

237 1911 377 1943 16—17.
403 1909 452 1942 Du
477 1914 586 1943 musst
611 1920 729 1952 wegen
752 1910 866 1943 deiner

187 1953 404 1997 Tachtigkeit
436 1955 467 1987 in
498 1955 615 1988 ltalien
647 1955 778 1989 bleiben
810 1966 865 1989 um

189 2000 259 2033 hier
271 2000 332 2032 mit
345 1999 509 2032 Hannibal
523 2000 628 2034 selbst
641 2011 682 2033 zu
695 2000 864 2043 k'ampsen.

188 2064 233 2070 -—
258 2056 325 2087 quo
340 2064 367 2068 —
382 2056 426 2086 es,
453 2045 537 2078 nach
551 2045 626 2078 dem
639 2046 864 2089 Vorliergeh.:

188 2094 310 2134 patere
340 2093 404 2123 etc.
434 2090 540 2124 heisst
570 2101 622 2124 es:
654 2091 691 2132 je
723 2091 867 2135 tapserer

190 2135 234 2169 du
267 2135 352 2168 nach
383 2135 497 2169 deiner
526 2135 686 2179 Meinung
718 2137 796 2171 bist.
823 2155 866 2160 —

187 2180 374 2224 praeside,
406 2191 432 2214 5.
468 2192 496 2214 c.
521 2183 573 2221 39,
604 2184 658 2215 15:
694 2181 867 2223 Scbiitzer‚

190 2225 440 2269 Vertheidiger‚
481 2226 552 2259 hier
591 2237 658 2260 von
701 2227 775 2260 dem
806 2227 868 2260 Be-

189 2271 390 2312 sehlshaber,
415 2271 491 2304 dem
517 2272 608 2305 diese
631 2272 868 2316 Bezeichnung

189 2316 370 2359 eigentlich
381 2316 562 2357 zukommt,
577 2316 664 2350 doch
673 2318 757 2350 wird
766 2329 867 2360 prae-

190 2362 304 2394 sidere
329 2362 413 2394 auch
431 2372 498 2395 von
513 2362 671 2406 Truppen
686 2362 869 2406 gebraucht

191 2407 387 2448 (praesidio
427 2412 531 2449 esse),
575 2417 601 2441 s.
640 2409 700 2448 24,
742 2410 795 2448 40,
829 2410 866 2447 2;

191 2452 246 2493 23,
272 2453 324 2491 32,
350 2453 368 2484 2
395 2462 425 2485 u.
452 2462 479 2485 a.
506 2472 549 2477 —
575 2457 683 2495 eaput
715 2465 746 2486 a.
783 2464 868 2495 arc„

188 2495 248 2529 der
272 2495 393 2529 Mittel-
418 2497 486 2530 und
511 2497 735 2541 Stiitzpunkt,
762 2510 788 2532 5.
813 2501 868 2541 26,

192 2544 223 2583 7,
249 2543 286 2575 3:
322 2546 427 2584 caput
453 2545 566 2585 ipsum
593 2543 674 2575 belli
698 2543 868 2585 Romani,-

126 1285 167 1318 20
188 1291 303 1331 quam
321 1290 481 1331 compar
498 1279 706 1318 consilium
721 1285 832 1319 tuum
849 1280 1024 1333 parentis
1040 1280 1096 1319 tui
1113 1279 1277 1319 consilio
1294 1280 1355 1327 sit,
1373 1287 1522 1332 reputa.
1551 1278 1615 1318 ille

935 1368 1005 1411 vgl.
1031 1378 1058 1401 c.
1085 1370 1138 1407 35,
1166 1370 1218 1402 12.
1244 1387 1286 1392 -
1311 1372 1431 1400 utrum
1464 1371 1484 1400 t.
1519 1377 1615 1409 ergo,

935 1424 961 1446 5.
981 1413 1046 1446 Cic.
1060 1413 1159 1446 Tusc.
1175 1416 1205 1454 5,
1219 1415 1273 1453 24,
1290 1415 1351 1447 69:
1379 1423 1447 1455 quo
1474 1413 1614 1445 tandem

936 1461 1050 1500 igitur
1072 1459 1231 1501 gaudio;
1259 1458 1388 1491 Cluent.
1415 1460 1467 1498 24,
1494 1460 1553 1496 65;
1579 1458 1614 1492 L.

936 1506 989 1545 37,
1016 1506 1070 1545 53,
1088 1506 1146 1538 23:
1173 1514 1240 1546 quo
1268 1504 1407 1536 tandem
1433 1505 1547 1545 igitur·
1571 1522 1616 1527 --

934 1551 1118 1592 praemio;
1142 1549 1208 1582 Cic.
1234 1548 1449 1590 Tusc.1,24,
1465 1550 1525 1582 56:
1552 1548 1615 1580 illa

936 1595 1076 1627 tandem
1112 1605 1194 1627 num
1234 1594 1366 1626 levior-a
1408 1604 1534 1626 censes.
1572 1612 1616 1618 —

935 1651 979 1672 ne
995 1639 1116 1673 Claud.
1131 1644 1209 1682 etc.,
1233 1639 1282 1672 sie
1306 1649 1368 1671 vor
1391 1639 1480 1672 allen
1493 1638 1616 1672 sollten
1675 1636 1678 1638 ’

936 1685 987 1718 ein
1014 1684 1215 1718 lehrreiches
1241 1684 1387 1727 Beispiel
1412 1684 1493 1725 sein,
1523 1684 1616 1717 nicht

935 1731 985 1764 als
1003 1730 1161 1770 Consuln,
1187 1729 1331 1763 sondern
1356 1729 1460 1762 durch
1484 1729 1537 1762 ihr
1553 1729 1615 1762 Zu-

935 1775 1236 1816 sammenwirken,
1272 1784 1344 1808 was
1377 1774 1448 1808 hier
1479 1774 1528 1808 als
1559 1775 1617 1807 be·

934 1821 1040 1854 kannt
1056 1823 1313 1863 vorausgesetzt
1326 1819 1424 1858 wird;
1452 1819 1616 1862 gewfihn-

934 1866 1002 1899 licb
1038 1866 1128 1899 steht
1164 1866 1216 1898 ein
1254 1864 1411 1908 Particip.
1450 1864 1503 1897 bei
1539 1864 1615 1898 dem

935 1911 1075 1951 Namen‚
1100 1921 1127 1944 5.
1152 1920 1180 1943 c.
1207 1911 1330 1951 41,14,
1355 1908 1441 1942 doch
1468 1909 1534 1952 vgl.
1561 1912 1614 1951 24,

935 1958 966 1998 8,
981 1958 1033 1989 20.
1047 1975 1092 1980 —
1107 1955 1153 1995 sd,
1177 1954 1254 1987 dass
1268 1954 1352 1988 zwei
1366 1954 1617 1988 consularische

935 2001 1040 2034 Heere
1064 2010 1257 2033 zusammen
1283 2000 1466 2042 operieren.

984 2047 1124 2079 18—19.
1157 2045 1318 2077 Hannibal
1353 2045 1395 2078 ist
1431 2045 1464 2078 in
1498 2045 1615 2079 Italien
1672 2070 1678 2077 .

935 2091 1075 2128 leichter
1088 2101 1127 2123 zu
1143 2090 1359 2123 uberwinden
1382 2090 1431 2124 als
1444 2090 1477 2122 in
1491 2090 1613 2123 Africa.

935 2139 1045 2176 socia,
1071 2135 1091 2178 ξ
1120 2135 1194 2169 ios.
1220 2155 1263 2158 —
1288 2135 1416 2174 Africa
1443 2135 1507 2169 wie
1531 2136 1552 2178 ξ
1574 2137 1615 2169 16

937 2181 1126 2214 traiciendi
1151 2180 1292 2221 1·.Af1·.;
1316 2182 1335 2223 ἓ
1356 2183 1393 2214 17
1421 2182 1478 2213 liic
1503 2181 1614 2214 sehlen

936 2227 969 2260 in
995 2227 1033 2260 P.
1061 2245 1100 2249 —-
1128 2226 1222 2268 qnod
1246 2228 1322 2267 isa,
1340 2228 1371 2267 6,
1390 2228 1420 2267 7,
1437 2228 1474 2265 3;
1500 2226 1542 2258 ib.
1559 2229 1614 2267 40,

939 2273 992 2305 18.
1015 2290 1060 2295 --
1086 2272 1206 2304 consil.
1233 2290 1261 2296 —
1285 2272 1391 2304 malle
1417 2272 1500 2313 dee„
1530 2281 1557 2305 S.
1583 2273 1615 2313 5,

939 2319 969 2359 2,
999 2319 1031 2355 1;
1058 2318 1111 2357 21,
1136 2318 1191 2357 63,
1217 2318 1248 2357 2,
1273 2327 1331 2349 zur
1356 2317 1543 2350 Construct.
1569 2316 1612 2349 ib.

941 2364 993 2402 19,
1011 2363 1041 2395 9.
1067 2381 1111 2385 —
1137 2362 1283 2394 dinzidio
1310 2372 1364 2395 um
1389 2361 1448 2395 das
1473 2361 1532 2395 des
1557 2371 1615 2394 an-

937 2407 1036 2440 deren
1061 2407 1212 2440 Consuls.

983 2454 1126 2486 20—21.
1153 2452 1217 2485 Das
1242 2451 1388 2496 Beispiel
1413 2451 1527 2484 deines
1552 2450 1614 2483 Va-

938 2500 1022 2539 ters,
1058 2497 1150 2530 nicht
1180 2497 1258 2530 eitle
1283 2496 1492 2530 Ruhmsucht
1522 2505 1614 2529 muss
1675 2519 1683 2526 2

937 2542 1011 2576 dieb
1037 2543 1150 2577 leiten.
1173 2562 1214 2566 —
1240 2553 1345 2585 quam
1371 2552 1525 2585 compar,
1551 2541 1615 2573 wic
