1732 2840
0 83 6 101 ¹·
62 89 90 111 a.
111 84 162 111 Ch.
181 84 241 110 2015.

470 70 595 104 LlBER
619 69 761 105 XXVlll.
810 70 905 105 CAP.
931 73 986 106 24.
1011 73 1064 105 25.

1411 66 1489 106 187

0 192 4 218 '2
64 200 187 228 nuere
207 188 353 227 furoris
374 198 510 226 eorum
532 198 573 225 se
595 188 749 225 futuros
771 185 899 225 socios
929 193 1152 226 senserunt.
1193 187 1336 238 sugatis
1358 186 1488 237 itaque
1512 194 1548 226 13

63 257 110 285 ex
140 244 346 296 principiis
375 255 419 282 ac
450 249 539 294 post
560 243 677 294 paulo
700 255 720 282 e
742 243 878 282 castris
900 243 1090 291 tribunis,
1120 243 1166 282 ad
1197 243 1399 295 principes
1429 255 1490 282 se-

61 301 235 348 ditionis,
258 300 457 351 gregarios
478 299 634 361 milites,
658 299 697 338 C.
721 299 875 338 Albium
899 299 1084 338 Calenum
1107 306 1145 339 et
1162 299 1201 339 C.
1224 300 1376 339 Atrium
1398 299 1491 338 Um-

62 357 191 406 brum,
214 357 383 396 delatum
400 356 576 395 omnium
595 368 791 395 consensu
809 356 1018 418 imperium
1040 364 1111 396 est.
1153 357 1220 407 qui
1242 367 1490 419 nequaquam
1513 364 1550 395 14

62 414 286 453 tribuniciis
317 412 491 452 contenti
521 413 763 451 ornamentis
795 412 963 464 insignia
995 412 1109 452 etiam
1145 414 1286 452 summi
1323 412 1489 464 imperii,

61 470 185 510 fasces
207 482 466 532 securesque,
496 469 710 508 adtrectare
731 470 837 516 ausi;
870 481 999 520 neque
1019 469 1125 508 venit
1146 469 1186 508 in
1207 475 1377 509 mentem
1408 468 1491 508 suis

65 526 186 577 tergis
207 527 368 578 suisque
391 525 607 565 cervicibus
628 526 752 576 virgas
774 526 857 564 illas
883 537 1120 576 securesque
1143 525 1360 572 imminere,
1393 537 1490 576 quas

61 582 108 622 ad
129 589 275 622 metum
297 582 461 622 aliorum
483 582 740 634 praeferrent.
781 594 888 621 mors
910 582 1107 633 Scipionis
1133 582 1229 621 salso
1252 582 1397 621 credita
1420 581 1490 620 ob·
1514 590 1550 621 15

61 639 243 679 caecabat
262 639 425 687 animos,
449 638 521 678 sub
539 638 652 678 cuius
673 639 865 689 vulgatam
888 651 977 678 mox
998 640 1137 678 famam
1159 651 1240 677 non
1263 638 1492 678 dubitabant

61 701 181 734 totam
198 695 423 747 Hispaniam
445 707 620 734 arsuram
638 695 760 743 bello3
784 695 824 734 in
847 708 892 734 eo
914 695 1084 735 tumultu
1106 701 1144 734 et
1164 695 1280 734 sociis
1302 695 1490 745 pecunias
1514 702 1550 734 16

60 753 244 804 imperari
262 760 300 792 et
316 752 429 803 diripi
448 752 691 803 propinquas
713 751 831 791 urbes
852 764 981 804 posse,
1004 758 1042 792 et
1062 752 1225 791 turbatis
1246 751 1377 799 rebus,
1401 763 1491 790 cum

62 810 193 848 omnia
215 821 350 848 omnes
373 808 575 855 auderent,
599 809 730 847 minus
752 808 920 860 insignia
941 808 1046 856 sore,
1076 821 1174 860 quae
1195 808 1270 859 ipsi
1292 808 1488 847 fecissent.

174 865 270 905 Cum
301 865 398 904 alios
425 865 592 904 subinde
623 865 793 904 recentis
817 865 976 904 nuntios
999 878 1079 904 non
1109 865 1246 903 mortis
1275 865 1390 903 modo
1422 864 1489 903 sed
1509 869 1557 905 25

59 922 175 961 etiam
197 921 346 960 funeris
370 926 632 972 expectarent,
664 933 794 972 neque
815 921 1086 973 superveniret
1109 921 1327 972 quisquam,
1351 932 1489 960 evane-

60 984 265 1029 sceretque
282 984 428 1017 temere
446 983 555 1017 ortus
572 989 720 1025 rumor,
743 984 825 1016 tum
843 977 959 1029 primi
980 983 1158 1017 auctores
1174 977 1321 1027 requiri
1344 977 1487 1028 coepti.

39 1076 43 1079 ,
61 1041 99 1073 et
119 1034 372 1073 subtrahente
393 1046 434 1073 se
456 1046 632 1084 quoque,
658 1041 701 1071 ut
722 1033 935 1072 credidisse
957 1034 1088 1085 potius
1111 1040 1257 1072 temere
1278 1046 1393 1084 quam
1414 1034 1488 1072 fin—
1510 1043 1529 1074 2

59 1090 162 1130 xisse
191 1103 273 1130 rem
299 1089 412 1129 talem
442 1090 562 1129 videri
584 1094 738 1141 posset,
770 1090 943 1129 destituti
965 1090 1085 1129 duces
1114 1090 1187 1129 iam
1221 1102 1290 1129 sua
1320 1089 1393 1141 ipsi
1428 1090 1489 1129 in-

58 1147 183 1198 signia
201 1152 238 1186 et
254 1158 326 1198 pro
343 1158 439 1185 vana
455 1146 625 1196 imagine
642 1146 810 1198 imperii,
833 1146 936 1197 quod
959 1152 1155 1197 gererent,
1178 1158 1304 1185 veram
1327 1147 1489 1185 iustam-

58 1214 135 1253 que
165 1215 255 1242 mox
284 1203 323 1241 in
354 1215 395 1241 se
429 1215 627 1241 versuram
665 1208 896 1254 potestatem
930 1202 1157 1241 horrebant.

1218 1209 1402 1254 stupente
1439 1203 1490 1242 ita
1511 1212 1530 1244 3

57 1259 250 1299 seditione
280 1271 369 1298 cum
391 1259 517 1299 vivere
538 1259 688 1310 primo,
718 1272 809 1298 mox
839 1259 951 1298 etiam
988 1260 1113 1298 valere
1134 1259 1361 1310 Scipionem
1393 1259 1488 1299 certi

57 1383 309 1423 s.24,31,11;
336 1380 416 1414 Tac.
442 1381 527 1414 Anu.
544 1383 647 1424 1,32;
674 1392 737 1414 nec

59 1427 198 1469 legatus
229 1427 367 1458 obviam
400 1428 484 1458 ibat.
509 1446 553 1450 —
577 1431 657 1469 post
685 1438 738 1469 p.,

58 1482 84 1506 s.
111 1474 141 1513 5,
168 1474 222 1514 55,
252 1474 285 1508 1:
320 1471 388 1514 vgl.
416 1473 447 1513 2,
473 1474 528 1513 31,
554 1474 585 1505 4.
613 1492 657 1495 -
682 1472 738 1504 de-

58 1517 120 1550 lal.
145 1519 240 1559 imp„
266 1519 320 1558 25,
347 1519 401 1556 37,
426 1519 463 1550 6:
489 1519 738 1550 zet-comitiis

57 1562 308 1595 mililaribus—
319 1561 367 1594 ad
379 1543 418 1595 L.
429 1561 604 1594 Marcium
620 1564 740 1594 cuncti

57 1617 228 1639 summam
242 1609 384 1649 imperii
400 1607 611 1647 delulethnc
636 1607 736 1640 Zon..

56 1648 213 1685 ἰ’πάτθϊς
237 1651 373 1685 gatvofs
396 1663 738 1693 κεχείθθτθνηκασιν.

57 1696 248 1737 -Calm‚
273 1707 333 1729 aus
349 1696 456 1730 Cales.
488 1685 608 1740 Polyb.
634 1696 739 1730 kennt

57 1741 111 1775 die
137 1741 265 1774 Namen
290 1741 393 1774 nicht.

105 1789 247 1821 14—16.
275 1788 493 1828 tribuniciis,
519 1789 649 1829 spater,
675 1787 735 1828 als,

57 1832 105 1865 sie
130 1832 228 1865 meist
249 1831 356 1864 Ritter
381 1842 506 1872 waren,
530 1832 589 1864 der
613 1832 737 1874 goldne

57 1877 145 1920 Ring
169 1877 236 1909 und
262 1881 425 1920 angustus
450 1877 577 1910 clavus.
592 1877 734 1916 —fasa

57 1933 137 1963 sec„
161 1921 214 1955 die
239 1921 346 1955 fasces
371 1922 432 1954 mit
456 1921 519 1955 den
547 1922 672 1955 Beilen.
694 1941 736 1946 -—

59 1967 217 2008 adtrect„
243 1968 297 2010 34,
311 1970 343 2009 4,
358 1969 392 2001 3:
420 1969 539 2009 regias
553 1969 659 2000 etiam
676 1967 737 1999 ad-

58 2015 247 2044 tractamus
258 2022 372 2053 gazas
381 2025 393 2052 ,·
418 2022 459 2044 an
474 2022 505 2045 u.
521 2011 570 2045 St.
585 2012 647 2044 mit
660 2012 737 2045 dem

57 2056 326 2100 Nebenbegriffe‚
346 2057 424 2091 dass
439 2057 493 2090 die
507 2058 616 2091 fasces
630 2057 735 2090 durch

57 2101 111 2134 die
147 2101 345 2144 Beruhrung
387 2102 519 2136 solcher
553 2103 737 2135 Menschen

57 2146 220 2180 entweiht
244 2147 390 2181 werden.
416 2167 461 2171 —
485 2150 582 2180 venit
612 2150 648 2179 in
680 2158 737 2188 m.‚

56 2191 145 2225 ohne
169 2191 286 2233 Dativ,
310 2202 338 2225 s.
364 2194 395 2232 8,
421 2195 452 2235 5,
481 2195 538 2231 1ος
565 2195 620 2232 23,
646 2196 677 2234 5,
704 2194 736 2226 8.

56 2256 101 2261 —
126 2236 172 2269 ad
196 2240 288 2278 met„
316 2239 345 2278 1,
371 2239 424 2279 33,
451 2240 481 2272 8.
507 2257 550 2262 —
573 2237 735 2280 praefer-

0 2279 1 2291 *
58 2285 148 2321 rent,
174 2282 244 2315 sich
269 2287 450 2324 vortragen
466 2283 735 2317 liessen.—sub

58 2345 86 2351 -—
110 2326 208 2369 fam„
243 2326 295 2359 die
320 2327 638 2371 Participialconstr.
670 2328 735 2361 wie

56 2382 152 2404 mors
176 2391 202 2396 —
228 2371 363 2404 credita
388 2373 456 2405 und
480 2373 501 2416 ξ
529 2375 557 2415 1,
588 2374 649 2406 mit
672 2374 735 2405 suh

56 2417 123 2450 wie
148 2417 196 2450 oft
228 2418 290 2449 sub
325 2418 411 2449 llaec
443 2417 557 2459 dicta,
586 2418 656 2461 vgl.
682 2420 735 2459 33,

58 2463 111 2501 37,
130 2464 158 2505 1,
175 2462 219 2495 ist
232 2462 465 2505 Bestimmung
478 2473 518 2495 zu
532 2464 639 2505 vulg„
657 2463 737 2496 aber

57 2506 142 2540 auch
174 2517 215 2539 zu
248 2517 415 2540 arsur-am
449 2517 489 2539 zu
523 2507 673 2542 denken:
707 2510 738 2540 si

807 1382 955 1423 vulgata
979 1381 1141 1420 foret.——
1160 1392 1197 1413 eo
1225 1384 1308 1421 tum,
1334 1379 1409 1412 dem
1436 1380 1489 1413 bei

807 1426 916 1460 dieser
941 1426 1162 1469 Gelegenheit
1186 1425 1442 1459 entstelienden.

853 1471 1038 1507 25.1-2.
1074 1472 1240 1511 subinde,
1277 1469 1488 1511 wiederholt,

808 1516 889 1550 oder
913 1517 991 1550 bald
1015 1516 1143 1558 darauf,
1168 1516 1270 1559 vgl.§
1289 1518 1346 1555 103
1369 1518 1420 1557 10,
1437 1517 1488 1555 17,

809 1564 847 1599 6;
874 1564 904 1603 9,
933 1565 984 1603 16,
1009 1565 1030 1595 4
1055 1572 1140 1595 uSW.
1164 1581 1207 1586 —
1233 1572 1344 1603 neque
1369 1580 1397 1584 -
1423 1571 1489 1603 que

809 1607 902 1640 nicht
928 1627 953 1630 —
979 1607 1048 1639 und
1073 1607 1188 1646 dabei;
1215 1607 1277 1638 wir
1301 1606 1413 1640 fassen
1428 1606 1488 1639 das

809 1652 1018 1685 Verhiiltniss
1041 1652 1090 1684 als
1113 1652 1300 1694 Gegensatz
1323 1652 1393 1684 auf:
1419 1650 1487 1684 und

808 1697 981 1737 vielmehr,
1007 1699 1062 1736 27,
1087 1698 1141 1738 42,
1166 1699 1201 1733 5;
1229 1700 1261 1728 ee
1287 1698 1340 1738 28,
1358 1698 1413 1737 26,
1432 1698 1486 1735 11;

807 1743 862 1782 29,
896 1744 949 1781 27,
981 1743 1018 1780 ὃς
1052 1745 1157 1784 aeque
1188 1744 1243 1781 25,
1274 1743 1328 1782 22,
1364 1743 1412 1775 13.
1444 1760 1488 1766 -

808 1791 966 1827 auctora,
991 1787 1120 1820 welche
1146 1787 1199 1819 die
1224 1786 1405 1819 Nachricht
1430 1797 1486 1829 ge-

806 1832 922 1865 bracht
955 1832 1062 1865 haben
1097 1831 1230 1865 sollten.
1272 1833 1381 1864 subtr.
1415 1832 1488 1865 sich

805 1877 1008 1920 zuriickzog.
1046 1874 1163 1909 videri
1184 1888 1289 1929 poss„
1316 1879 1346 1918 3,
1377 1879 1432 1919 34,
1457 1880 1487 1910 5.

807 1942 851 1946 —-
872 1925 1058 1964 gererent,
1083 1923 1116 1954 in
1141 1922 1217 1955 dem
1242 1923 1308 1960 sic,
1342 1922 1406 1954 wie
1439 1922 1488 1955 sie

801 1968 888 2009 ietzt
921 1967 1043 2008 sahen,
1077 1977 1139 2000 nur
1172 1967 1225 2000 ein
1256 1966 1488 2000 Schattenbild

807 2013 934 2045 hatten.
958 2032 1002 2036 —
1027 2023 1110 2044 vera
1144 2013 1188 2045 im
1224 2012 1414 2054 Gegensatz
1445 2022 1487 2044 zu

806 2068 922 2098 vano5
955 2060 1048 2089 iusta
1078 2067 1155 2090 vom
1181 2057 1290 2090 Volke
1323 2057 1486 2100 gegeben.

806 2122 850 2126 —
862 2083 1017 2145 po’iestas
1038 2102 1106 2135 und
1121 2104 1309 2144 imperium
1324 2102 1398 2134 sind
1417 2100 1487 2134 hier

808 2147 1072 2191 gleicbgestellt,
1097 2158 1122 2181 s.
1149 2147 1334 2180 Mommsen
1361 2146 1426 2180 Str.
1455 2149 1489 2188 1,

808 2195 850 2226 22
865 2193 886 2225 f.
911 2212 955 2216 —
980 2202 1126 2234 vet-sur„
1151 2191 1301 2233 reflexiV,
1325 2192 1370 2224 ist
1381 2191 1486 2224 Attri-

805 2238 883 2279 but,
908 2237 1001 2270 nicht
1025 2248 1112 2271 vers.
1146 2249 1217 2269 esse
1244 2237 1307 2269 wie
1332 2238 1364 2277 2,
1389 2239 1421 2278 7,
1445 2238 1484 2270 9:

805 2294 859 2315 me
882 2283 1082 2315 subit-arum
1099 2285 1265 2323 timet-em,
1283 2281 1325 2314 da
1340 2282 1486 2314 horrere

805 2328 899 2361 nicht
929 2327 1032 2361 leicht
1063 2328 1123 2360 mit
1154 2327 1229 2360 dem
1262 2336 1333 2360 acc.
1365 2337 1394 2361 c.
1426 2326 1486 2361 inf.

806 2373 876 2407 sich
902 2372 1017 2405 findet.

854 2420 953 2452 3—5.
964 2421 1135 2460 stupente,
1146 2419 1281 2458 stutzte,
1295 2417 1365 2450 still
1375 2417 1484 2458 stand,

807 2463 876 2506 vgl.
911 2462 932 2505 ξ
960 2465 1012 2496 11.
1047 2462 1173 2494 seditio
1205 2462 1378 2496 entweder
1411 2473 1486 2506 per-

807 2507 991 2541 sonificiert
1009 2506 1090 2540 oder
1107 2507 1208 2540 abstr.
1228 2517 1287 2550 pro
1306 2517 1430 2550 concta,
1454 2509 1485 2549 3,
