1732 2840
0 90 9 117 jx.
53 102 79 122 a.
100 95 152 123 Cli.
171 96 230 122 206.

467 83 588 117 LIBER
611 83 753 116 xxvm.
800 83 892 117 CAP.
918 86 971 118 31.
998 85 1050 118 32.

1389 82 1469 122 205

166 197 399 237 Mandonius
416 203 453 236 et
469 197 644 237 Indibilis
665 198 704 236 in
721 198 809 246 finis
826 198 993 249 regressi
1015 197 1227 249 paulisper,
1249 197 1340 237 dum
1358 199 1471 249 quid·
1494 208 1512 238 5

55 266 142 293 nani
165 254 211 293 de
232 253 422 293 seditione
444 261 679 294 statueretur
700 255 868 302 scirent,
891 255 1072 306 suspensi
1097 254 1341 305 quieverunt,
1364 255 1395 294 si
1417 257 1473 295 ci-

0 320 3 345 ?
51 310 157 350 vium
187 310 311 349 errori
341 310 637 362 ignosceretur,
670 324 748 349 non
782 311 1001 350 diffidentes
1030 310 1102 349 sibi
1135 323 1293 362 quoque
1324 312 1472 362 ignosci

0 386 4 392 ·
53 379 181 419 posse.
229 372 438 418 postquam
469 367 619 418 vulgata
650 372 708 406 est
737 367 918 407 atrocitas
949 366 1154 418 supplicii,
1185 380 1294 406 suam
1316 380 1473 420 quoque
1493 374 1512 406 6

0 442 4 448 ·
52 435 192 463 noxam
213 423 296 474 pari
318 435 446 474 poena
467 423 702 463 aestimatam
726 424 809 472 rati,
833 424 976 462 vocatis
993 435 1130 462 rursus
1152 423 1197 462 ad
1219 436 1323 463 arma
1344 437 1473 476 popu—

0 507 3 522 .
52 479 199 519 laribus
217 480 520 532 contractisque,
542 492 640 531 quae
657 486 747 519 ante
763 480 993 527 habuerant,
1015 480 1166 519 auxiliis
1182 480 1222 519 in
1239 480 1473 520 Sedetanum
1494 487 1513 520 7

0 547 3 573 ι
51 548 209 587 agrum,
240 536 305 575 ubi
328 536 523 588 principio
547 537 774 576 desectionis
802 536 935 576 stativa
958 536 1196 585 habuerant,
1229 549 1317 576 cum
1338 537 1474 588 viginti

0 614 1 618 =
52 592 225 632 millibus
247 594 435 644 peditum,
459 593 633 645 equitum
656 606 710 632 ΜΜ
734 599 770 632 et
791 593 1018 644 quingentis
1038 593 1380 633 transcenderunt.

166 649 313 702 Scipio,
333 662 422 689 cum
439 650 512 689 fide
530 650 703 689 solvendi
721 650 866 702 pariter
884 649 1066 688 omnibus
1082 650 1208 689 noxiis
1226 650 1475 701 innoxiisque
1495 651 1544 688 32

53 705 237 757 stipendii
258 712 340 745 tum
362 706 468 746 vultu
491 719 535 745 ac
556 718 738 746 sermone
768 707 807 745 in
831 706 958 745 omnis
986 706 1136 757 placato
1165 706 1277 746 facile
1299 707 1475 746 reconci—

51 761 154 801 liatis
175 762 341 803 militum
371 763 530 811 animis,
564 762 792 814 priusquam
825 769 947 802 castra
970 762 1017 801 ab
1040 762 1270 814 Carthagine
1292 770 1475 812 moveret,

53 819 238 858 contione
260 819 438 859 advocata
460 819 592 858 multis
615 819 740 859 verbis
771 819 810 858 in
841 819 1040 871 perfidiam
1070 819 1340 858 rebellantium
1362 832 1478 871 regu·
1497 825 1518 858 2

55 874 182 914 lorum
206 876 396 923 invectus,
421 888 666 927 nequaquam
685 876 819 915 eodem
843 876 971 915 animo
989 888 1031 914 se
1051 876 1108 914 ire
1130 876 1331 927 professus
1353 882 1411 915 est
1432 876 1478 915 ad
1499 882 1518 914 3

54 931 327 971 vindicandum
344 933 380 972 id
398 933 538 981 scelus,
562 945 640 983 quo
659 932 808 972 civilem
826 944 998 971 errorem
1017 944 1144 983 nuper
1160 932 1364 971 sanaverit.
1396 938 1480 971 tum
1500 939 1519 970 4

56 1000 98 1026 se
119 988 221 1027 haud
243 1000 356 1028 secus
378 1002 492 1041 quam
511 989 654 1028 viscera
673 995 869 1028 secantem
891 1000 959 1027 sua
976 1000 1065 1026 cum
1083 988 1228 1038 gemitu
1251 995 1289 1027 et
1309 988 1479 1027 lacrimis

43 1044 213 1095 ,triginta
235 1045 437 1085 hominum
461 1044 653 1097 capitibus
675 1044 850 1096 expiasse
871 1050 960 1083 octo
981 1044 1146 1084 millium
1169 1057 1238 1084 seu
1260 1045 1478 1096 inpruden-

55 1101 147 1139 tiam
169 1113 238 1140 seu
259 1113 420 1150 noxam3
450 1114 558 1141 nunc
587 1101 686 1140 laeto
710 1107 747 1140 et
777 1107 907 1140 erecto
929 1101 1059 1140 animo
1082 1101 1126 1140 ad
1158 1101 1314 1140 caedem
1334 1101 1479 1153 Ilerge-

53 1163 136 1196 tum
167 1157 236 1196 ire.
282 1170 362 1197 non
395 1158 498 1197 enim
530 1170 596 1197 eos
627 1170 756 1209 neque
788 1165 898 1197 natos
930 1158 970 1197 in
1002 1158 1137 1197 eadem
1167 1164 1271 1197 terra
1301 1170 1374 1197 nec
1403 1158 1480 1197 ulla
1501 1165 1520 1197 5

54 1225 187 1253 secum
209 1215 392 1254 societate
413 1215 570 1254 iunctos
594 1226 697 1262 esse;
730 1227 834 1263 eam,
857 1226 955 1265 quae
977 1214 1055 1253 sola
1076 1214 1217 1263 fuerit,
1247 1214 1335 1254 fidei
1364 1220 1481 1266 atque

55 1270 259 1318 amicitiae,
283 1271 389 1322 ipsos
411 1284 482 1323 per
503 1271 630 1310 scelus
653 1271 820 1323 rupisse.
861 1271 900 1309 in
923 1270 1096 1310 exercitu
1119 1283 1190 1310 suo
1213 1284 1275 1319 se,
1307 1276 1480 1323 praeter·
1501 1277 1521 1309 6

54 1378 122 1422 τὴν
139 1378 287 1427 ἤπειρον
304 1379 508 1425 διαβαίνων
525 1379 640 1415 πολλὰ
658 1382 736 1414 ἐκα-

55 1424 206 1472 κούργει.

99 1469 165 1516 31,
207 1469 334 1506 5—34.
377 1471 634 1515 Unterwersung
678 1471 736 1504 der

55 1515 239 1559 Ilergetem
274 1516 394 1560 Polyb.
425 1519 475 1556 11,
502 1519 559 1555 31;
590 1517 735 1560 Appian.

54 1561 100 1594 lb.
127 1564 186 1600 37;
212 1561 292 1594 Zon.
319 1564 350 1601 9,
378 1564 429 1595 10.

102 1609 201 1640 5-7.
227 1609 264 1638 in
289 1607 372 1646 sinis
397 1610 460 1639 etc.
491 1606 614 1649 kniipst
637 1616 678 1638 an
705 1617 733 1639 c.

57 1652 112 1693 24,
137 1654 157 1684 4
183 1661 235 1684 an.
253 1662 424 1694 —posse,
450 1651 658 1694 wenigstens
683 1651 736 1684 die

57 1695 277 1739 Mogliehkeit
309 1697 357 1729 sei
387 1696 438 1729 da.
465 1715 508 1720 —
534 1707 666 1728 nomam
699 1707 734 1738 p.

55 1752 90 1784 p.
117 1752 184 1780 ae.,
214 1740 291 1774 dass
322 1741 405 1774 auch
433 1740 484 1774 fiir
516 1740 586 1773 ihre
611 1740 736 1774 Schuld

58 1786 243 1829 gleichsam
278 1786 326 1819 als
351 1785 467 1827 Preis,
501 1786 737 1829 Aequivalent,

57 1831 132 1864 eine
165 1831 295 1874 gleiche
328 1830 437 1864 Strafe
470 1831 657 1872 bestimmt,
689 1831 738 1864 als

58 1876 233 1910 derselben
247 1876 492 1920 entsprechend
514 1876 656 1910 erkannt
678 1877 737 1910 sei.

56 1920 121 1954 Der
131 1922 413 1964 eigenthsimliche
422 1921 598 1955 Ausdruck
608 1921 740 1955 scheint

58 1966 145 2000 nach
175 1966 250 2000 dem
282 1966 475 2000 bekannten
509 1967 603 1999 litem
636 1970 738 1999 aesti-

59 2021 176 2053 mare,
211 2021 236 2045 s.
271 2013 325 2053 29,
358 2014 390 2053 9,
424 2014 477 2053 10,
507 2011 666 2055 gebildet.
694 2032 737 2036 —

59 2066 134 2088 voc.
158 2067 300 2097 rursus,
336 2067 410 2090 zum
444 2057 676 2090 zweitenmale
704 2057 737 2090 in

59 2100 253 2134 demselben
269 2101 429 2135 Sommer.
456 2122 500 2126 ——
523 2103 688 2144 popular.
711 2122 736 2125 —

59 2145 185 2187 Sedet„
210 2146 274 2179 wie
299 2148 407 2189 c.·24,
422 2150 453 2181 4.
469 2167 509 2171 -
526 2147 739 2189 transcend„

60 2191 143 2224 iiber
166 2191 230 2224 den
255 2191 352 2224 Ebro.

105 2246 168 2283 32.
196 2249 290 2281 1—5.
311 2247 430 2289 Scipio
447 2252 524 2289 etc.,
547 2247 606 2281 der
619 2247 737 2281 kunst-

61 2292 173 2326 reiche
205 2292 277 2325 Bau
311 2291 369 2324 der
400 2292 540 2326 Periode
577 2292 642 2326 und
680 2293 738 2327 der

61 2337 226 2371 vielfache
240 2336 414 2371 Gebrauch
439 2338 498 2371 des
522 2339 589 2372 abl.
605 2338 676 2372 abs.
694 2339 738 2372 ist

61 2393 103 2415 zu
128 2382 302 2416 beachten.
328 2401 370 2406 —
396 2382 466 2422 fide
495 2384 654 2416 solvendi
676 2386 737 2415 sti-

62 2428 186 2468 pendii
209 2427 300 2461 steht
324 2427 396 2460 hier
420 2428 520 2460 vultu
548 2439 598 2461 ac.
622 2439 738 2469 serm„

64 2472 214 2514 parallel,
239 2473 309 2512 fide
333 2472 377 2505 ist
403 2472 745 2516 nichtModalbegriff

63 2517 128 2551 wie
153 2519 206 2559 21,
233 2521 264 2559 5,
289 2521 324 2552 5:
357 2518 533 2561 stz'pendio
567 2529 644 2551 cum
668 2518 738 2558 fide

805 1382 1028 1423 exsolvendo,
1043 1382 1107 1414 wie
1118 1381 1218 1415 Gron.
1233 1381 1319 1414 auch
1335 1391 1375 1414 an
1390 1380 1481 1415 u.St.

804 1426 897 1460 lesen
923 1426 1050 1460 wollte.
1066 1446 1107 1450 —
1125 1437 1262 1459 reconc.
1287 1427 1356 1469 vgl.
1384 1429 1414 1468 8,
1428 1428 1482 1468 36,

805 1474 835 1505 7.
861 1491 904 1494 —
929 1472 1060 1512 rebell„
1084 1471 1137 1505 die
1162 1472 1249 1505 noch
1274 1472 1317 1504 im
1339 1471 1483 1505 Aufruhr

804 1516 964 1559 begriffen
990 1517 1076 1550 sind.
1102 1537 1145 1541 —
1172 1527 1339 1557 errorem,
1365 1517 1430 1550 wie
1455 1528 1483 1550 c.

804 1563 860 1603 29,
874 1564 909 1601 73
935 1562 979 1594 im
993 1562 1086 1605 Folg.
1100 1562 1377 1605 inprudentiam,
1391 1562 1483 1595 wah-

805 1606 886 1639 rend
912 1606 982 1640 sich
1008 1618 1141 1639 nomam
1166 1608 1225 1640 auf
1249 1609 1399 1649 triginta
1424 1608 1483 1639 Ιιο-

804 1654 939 1684 minum
954 1652 1095 1694 bezieht,
1114 1663 1143 1685 c.
1157 1653 1211 1690 28,
1229 1654 1279 1685 15.
1292 1670 1336 1674 —
1350 1662 1484 1693 sanav„

805 1696 884 1729 weil
919 1696 1185 1730 aufriihrerische
1209 1696 1404 1739 Gesinnung
1434 1697 1484 1730 als

806 1740 990 1774 Krankheit
1015 1741 1193 1782 ersclieint,
1219 1744 1251 1782 2,
1278 1744 1308 1783 3,
1329 1744 1363 1784 53
1389 1744 1484 1774 sani-

808 1791 878 1825 tas,
906 1787 1119 1830 verniinstige
1144 1787 1305 1830 Ansieht,
1339 1787 1423 1820 auch
1449 1787 1483 1819 in

806 1832 1003 1875 politischer
1047 1832 1255 1875 Beziehung;
1301 1831 1360 1865 der
1398 1832 1484 1866 Aus-

808 1876 913 1909 druck
948 1877 1005 1909 hat
1035 1877 1095 1910 das
1120 1877 1278 1920 folgende
1302 1877 1376 1910 Bild
1410 1888 1483 1911 ver-

808 1921 945 1963 anlasst,
971 1932 996 1955 s.
1023 1934 1050 1955 c.
1077 1924 1131 1965 27,
1154 1925 1185 1956 7.
1209 1942 1253 1946 —
1277 1933 1349 1954 non
1376 1942 1400 1945 —
1426 1933 1484 1954 ne-

808 1978 874 2010 que
900 1987 926 1990 —
952 1978 1026 2009 nec,
1051 1978 1078 2001 s.
1107 1970 1136 2008 1,
1153 1969 1279 2009 26,1·2;
1306 1978 1377 1999 non
1403 1967 1485 1999 tulit

805 2023 870 2044 nec
891 2032 917 2035 —
944 2023 1026 2053 ηερ,-
1050 2015 1220 2054 31,41,7;
1247 2023 1486 2054 neque-nec,

805 2068 831 2091 s.
858 2059 890 2099 9,
915 2059 945 2099 9,
975 2060 1025 2092 14.
1052 2077 1095 2081 -
1119 2068 1235 2089 secum
1266 2057 1386 2100 gehort
1409 2056 1483 2091 dem

806 2102 909 2135 Sinne
936 2102 1019 2135 nach
1045 2102 1130 2135 auch
1155 2113 1196 2134 zu
1228 2102 1368 2142 eadem,
1400 2112 1428 2135 s.
1454 2113 1483 2136 c.

807 2149 862 2188 2⁵3,
894 2149 944 2180 14.
977 2166 1020 2171 —
1053 2147 1138 2187 fidei
1168 2158 1200 2179 α.
1234 2149 1346 2186 amic„
1380 2147 1483 2190 genit.

806 2202 944 2236 epexeg.
977 2203 1018 2225 zu
1051 2202 1144 2233 eam,
1181 2191 1240 2225 der
1272 2192 1485 2234 politischen,

808 2237 868 2271 auf
886 2237 1117 2280 gegenseitige
1131 2237 1239 2270 Treue
1253 2236 1322 2269 sich
1338 2239 1486 2270 stiitzen-

807 2283 870 2316 den
898 2282 1148 2323 Freundschaft,
1177 2284 1208 2323 6,
1235 2284 1266 2323 2,
1293 2284 1328 2319 3;
1362 2281 1429 2325 vgl.
1454 2285 1485 2323 5,

809 2330 864 2367 27,
890 2330 920 2368 6,
949 2328 1007 2360 der
1031 2327 1161 2370 Begriff
1180 2326 1237 2360 der
1260 2328 1410 2359 societas
1434 2337 1484 2360 er-

808 2372 937 2406 streckt
961 2373 1031 2406 sich
1058 2373 1186 2413 weiter‚
1209 2372 1279 2415 vgl.
1304 2372 1370 2405 Cic.
1389 2371 1484 2405 offic.

811 2421 841 2459 1,
870 2420 921 2456 17,
940 2420 998 2451 53:
1021 2418 1158 2459 gradus
1181 2417 1303 2459 plures
1327 2421 1409 2450 sunt
1432 2428 1486 2450 so-

810 2465 947 2495 cietatis
972 2464 1161 2495 hominum.

856 2521 954 2552 6-7.
979 2518 1037 2551 Die
1069 2528 1153 2561 enge
1178 2517 1396 2562 Verbindung
1429 2517 1487 2551 der
