1732 2840
169 256 218 292 22

243 138 295 177 62
715 139 838 172 LIBER
863 138 993 172 XXVll.
1042 139 1134 172 CAP.
1162 140 1214 172 22.

1524 157 1550 177 a.
1573 139 1599 177 u.
1622 152 1682 180 546.

362 254 577 294 Undecimo
599 266 701 293 anno
720 253 859 292 Punici
880 253 971 292 belli
993 253 1238 293 consulatum
1261 253 1437 292 inierunt
1451 253 1502 292 M.
1520 253 1682 294 Marcel-

242 311 303 350 lus
325 311 506 363 quintum
524 332 574 339 -—
592 316 636 350 ut
657 317 887 350 numeretur
908 310 1148 359 consulatus,
1171 321 1287 360 quem
1311 309 1401 348 vitio
1424 315 1576 350 creatus
1598 323 1679 350 non

205 374 223 406 2
245 369 364 418 gessit
384 391 438 397 —
461 373 498 407 et
526 367 568 406 T.
601 367 809 413 Quinctius
840 366 1057 418 Crispinus.
1107 366 1285 417 utrisque
1315 366 1544 406 consulibus
1573 366 1680 406 Italia

242 425 396 464 decreta
427 423 628 476 provincia
650 430 709 464 est
730 429 767 463 et
788 423 865 463 duo
888 423 1094 462 consulum
1116 422 1260 475 prioris
1291 423 1383 462 anni
1409 423 1604 463 exercitus
1624 446 1680 452 --

242 481 380 521 tertius
402 480 594 520 Venusiae
615 486 698 519 tum
721 486 822 527 erat,
854 479 916 519 cui
938 478 1144 519 Marcellus
1171 479 1393 531 praefuerat
1414 503 1466 508 —
1488 480 1538 519 ita
1567 485 1612 519 ut
1633 493 1680 520 ex

242 537 368 577 tribus
391 537 582 588 eligerent
603 537 702 585 duo,
734 549 832 588 quos
854 536 1008 585 vellent,
1031 536 1169 576 tertius
1191 537 1224 575 ei
1246 536 1489 584 traderetur,
1520 536 1584 575 cui
1605 536 1680 576 Ta-

205 600 223 631 3
245 600 401 634 rentum
424 600 462 634 et
482 593 684 633 Sallentini
717 593 917 644 provincia
949 593 1152 632 evenisset.
1195 600 1344 633 ceterae
1378 592 1602 644 provinciae
1628 592 1679 632 ita

243 651 406 690 divisae:
438 649 685 702 praetoribus
707 649 748 688 P.
773 649 924 689 Licinio
946 649 1045 688 Varo
1075 649 1247 698 urbana,
1279 649 1321 688 P.
1344 649 1496 689 Licinio
1525 649 1678 698 Crasso,

240 707 418 758 pontifici
440 707 619 755 maximo,
642 706 851 757 peregrina
874 712 912 745 et
933 718 1010 757 quo
1033 714 1191 746 senatus
1214 706 1446 753 censuisset,
1472 706 1560 746 Sex.
1578 706 1677 746 Iulio

205 770 223 800 4
246 763 398 803 Caesari
430 763 585 811 Sicilia,
615 763 659 809 Q.
685 762 843 802 Claudio
867 763 1030 802 Flamini
1052 763 1278 802 Tarentum.
1319 768 1574 814 prorogatum
1604 763 1679 801 im-

240 820 395 871 perium
426 820 466 859 in
497 832 643 859 annum
667 825 724 858 est
745 819 788 865 Q.
811 819 947 858 Fulvio
970 819 1108 858 Flacco
1123 851 1132 867 ,
1164 826 1207 859 ut
1230 819 1471 871 provinciam
1494 817 1677 871 Capuam,

241 889 340 928 quae
371 877 415 916 T.
449 876 607 922 Quincti
637 876 828 927 praetoris
860 877 1006 925 fuerat,
1049 888 1137 915 cum
1168 889 1245 915 una
1275 876 1430 926 legione
1459 875 1676 924 obtineret;

204 940 221 970 5
242 941 497 985 prorogatum
519 939 556 971 et
578 932 617 972 C.
641 932 806 972 Hostilio
829 932 984 972 Tubulo
1007 938 1086 979 est,
1119 939 1162 971 ut
1191 945 1263 984 pro
1287 938 1468 984 praetore
1496 933 1536 971 in
1559 932 1678 972 Etru-

240 989 336 1029 riam
366 989 412 1028 ad
443 989 537 1028 duas
568 988 743 1040 legiones
776 989 1003 1028 succederet
1026 988 1065 1027 C.
1090 987 1323 1040 Calpurni03
1355 994 1610 1040 prorogatum
1641 996 1678 1029 et

240 1045 283 1084 L.
306 1046 466 1085 Veturio
488 1045 644 1084 Philoni
665 1051 743 1092 est,
776 1051 819 1085 ut
849 1058 920 1097 pro
944 1051 1123 1097 praetore
1146 1045 1307 1085 Galliam
1330 1046 1492 1085 eandem
1517 1045 1677 1097 provin-

242 1103 338 1142 ciam
361 1115 450 1141 cum
472 1102 595 1141 isdem
617 1102 767 1141 duabus
788 1102 1010 1153 legionibus
1032 1101 1240 1151 obtineret,
1263 1102 1406 1153 quibus
1428 1107 1585 1154 praetor
1607 1101 1677 1141 ob-

204 1166 222 1197 6
245 1159 439 1199 tinuisset.
481 1159 584 1210 quod
608 1159 647 1197 in
671 1158 713 1197 L.
738 1158 910 1206 Veturio,
933 1159 1034 1198 idem
1053 1158 1092 1197 in
1116 1158 1156 1198 C.
1180 1159 1447 1198 Aurunculeio
1475 1159 1676 1198 decretum

240 1216 287 1255 ab
309 1220 446 1255 senatu
468 1215 667 1266 latumque
691 1215 737 1254 de
759 1215 1009 1266 prorogando
1033 1215 1197 1266 imperio
1220 1215 1267 1254 ad
1290 1215 1482 1266 populum
1506 1221 1584 1265 est,
1607 1215 1683 1266 qui'

283 1313 605 1357 22.{Verthei1ung
641 1313 700 1347 der
736 1314 922 1348 Provinzen

238 1360 307 1393 und
331 1359 446 1393 Heere.

288 1407 384 1439 1—2.
410 1409 449 1437 ut
473 1415 581 1445 num„
606 1414 643 1437 so
669 1403 747 1438 dass
769 1404 800 1438 d.
816 1405 846 1437 h.
864 1415 921 1447 ge-

239 1453 337 1491 setzt,
350 1450 427 1483 dass
442 1460 518 1482 man
532 1449 702 1488 mitz'ahlt;
718 1450 849 1492 vgl.28,
870 1452 920 1488 12,

239 1499 255 1528 7
269 1509 277 1533 ;
291 1497 345 1537 22,
360 1497 413 1536 25,
429 1497 465 1528 2:
491 1499 530 1527 ut
545 1505 627 1527 vera
643 1514 668 1518 —
685 1500 817 1534 essenc‚·
835 1496 921 1528 nach

238 1541 410 1574 Anderen:
436 1551 491 1573 um
518 1540 752 1574 mitzuzfihlen.
773 1560 817 1564 —-
835 1543 919 1573 vicio

239 1597 299 1627 etz,
333 1586 387 1618 die
417 1596 455 1619 so
490 1585 687 1618 Gewahlten
728 1586 839 1628 galteri
871 1586 920 1619 als

237 1631 434 1674 Magistrate
444 1632 510 1663 und
526 1631 665 1663 wurden
677 1631 708 1663 in
722 1631 786 1665 den
800 1631 919 1664 Fasten

226 1677 287 1723 ‚als
313 1676 427 1709 solche
452 1676 678 1714 verzeichnet,
705 1677 816 1719 legten
842 1677 920 1710 aber

237 1721 408 1764 freiwillig
441 1721 500 1754 das
531 1722 611 1754 Amt
644 1721 774 1762 nieder,
813 1732 838 1755 s,
865 1724 920 1763 23,

237 1769 292 1808 31,
320 1769 358 1800 12
378 1767 399 1800 s.
425 1785 470 1791 —-
493 1769 633 1809 utrisq„
665 1768 695 1807 9,
728 1769 775 1806 12,
802 1769 837 1805 2;
865 1768 918 1805 29,

238 1814 292 1851 37,
306 1814 323 1844 7
341 1814 502 1853 utrisque
515 1813 761 1854 (censoribus);
790 1814 842 1853 30,
856 1814 886 1853 8,
899 1814 916 1844 7

238 1861 389 1899 utraque
415 1867 549 1889 cornua
574 1867 606 1889 u.
628 1867 656 1889 a.
671 1875 714 1881 —
730 1857 799 1889 duo
826 1867 917 1889 cons.

238 1904 314 1943 etc„
346 1901 406 1934 der
431 1901 608 1934 Ausdruck
641 1902 685 1935 ist
719 1901 811 1934 nicht
836 1901 918 1943 klar,

237 1947 277 1979 da
304 1946 363 1979 das
392 1946 594 1989 eigentliche
619 1946 774 1980 Pradicat
805 1947 917 1979 hierzu

236 1996 304 2025 erst
328 1992 361 2024 in
387 1991 462 2024 dem
477 1990 554 2024 Satz
581 1993 630 2023 ita
652 1995 733 2023 ut—
747 1992 919 2033 eligerent

236 2037 341 2081 folgt,
366 2037 419 2070 die
446 2036 683 2079 Bezeichnung
708 2036 767 2070 des
793 2037 915 2070 dritten

236 2083 358 2116 Heeres
393 2092 455 2115 nur
487 2081 602 2115 locker
632 2081 844 2125 angeknsipft
874 2082 916 2115 ist

236 2132 332 2161 statt:
359 2130 410 2160 ila
435 2131 476 2160 ut
500 2138 544 2159 eoe
560 2128 806 2160 consularibus
819 2129 915 2169 prio-

236 2175 286 2205 ris
311 2175 400 2206 anni
424 2177 458 2205 et
482 2175 597 2215 tertio,
623 2174 683 2205 cui
700 2191 726 2195 —
753 2172 917 2214 praefue-

235 2222 307 2260 rat,
334 2219 516 2260 elvgerent‚
541 2228 567 2251 s.
593 2228 619 2251 c.
647 2220 701 2257 35,
724 2219 830 2251 11.—
851 2216 915 2250 Τα-

235 2268 324 2296 rent.
352 2268 385 2296 et
409 2263 506 2305 Sall„
531 2273 557 2296 s.
582 2273 611 2296 c.
637 2265 670 2305 7,
695 2264 731 2301 7;
764 2265 814 2304 15,
838 2265 869 2296 4.

281 2311 311 2342 3.
339 2313 485 2350 ceterae,
504 2308 663 2341 darunter
675 2307 747 2341 sind
761 2307 845 2341 auch
862 2307 915 2340 die

235 2355 254 2394 ξ
269 2356 289 2387 4
304 2354 336 2386 ff.
355 2354 518 2397 gemeint3
544 2353 769 2396 praetoribus
783 2354 828 2386 ist
845 2353 914 2386 also

236 2409 311 2431 zum
326 2399 418 2442 Folg.
433 2410 473 2432 zu
487 2399 616 2433 ziehen.
641 2398 750 2431 Ueber
762 2398 815 2431 die
829 2398 914 2431 Con-

234 2446 350 2478 struet.
376 2445 569 2486 praetorib.
597 2446 660 2476 etc.
686 2453 713 2476 s.
740 2445 795 2484 24,
817 2445 870 2484 20,
884 2446 913 2477 3.

234 2507 277 2512 --
303 2489 445 2530 diuisae,
473 2500 500 2522 c.
528 2492 557 2529 7,
584 2490 615 2530 9,
647 2489 690 2522 ist
722 2487 915 2521 verkiirzter

233 2533 428 2567 Ausdruck:
461 2534 508 2567 sie
541 2543 653 2567 waren
689 2544 765 2567 vom
791 2533 914 2567 Senate

235 2578 407 2612 bestimmt
444 2580 690 2620 (nominatae),
728 2578 795 2612 und
827 2580 914 2620 jetzt

994 1315 1110 1347 loosen
1137 1314 1190 1347 die
1216 1314 1375 1347 Pratoren
1406 1325 1462 1347 um
1491 1314 1675 1356 dieselben,

994 1359 1098 1392 daher
1122 1359 1243 1392 vorher
1258 1362 1435 1399 evenisset,
1462 1360 1529 1403 vgl.
1547 1359 1676 1393 Becker

992 1407 1023 1445 2,
1051 1406 1317 1447 2,120.—quo
1345 1407 1507 1438 censuiss.
1534 1416 1565 1438 n.
1593 1416 1676 1438 eun·

992 1451 1074 1482 dum
1086 1461 1169 1492 esse,
1184 1450 1424 1484 unbestimmte
1440 1450 1676 1493 Bezeichnung

990 1495 1049 1528 der
1066 1495 1221 1534 Provinz‚
1243 1506 1270 1530 s,
1288 1498 1341 1539 35,
1359 1497 1412 1538 20,
1425 1498 1454 1538 7,
1476 1495 1529 1528 fiir
1545 1496 1675 1530 welche

990 1540 1048 1574 der
1108 1540 1425 1584 Peregrinenprator
1479 1541 1675 1575 verwendet

990 1585 1125 1619 werden
1160 1586 1243 1624 soll,
1277 1597 1306 1621 c.
1333 1589 1364 1627 7,
1394 1587 1428 1624 ὃς
1455 1585 1542 1619 doch
1568 1586 1674 1619 bleibt

989 1631 1136 1664 Licinius
1162 1632 1194 1664 in
1209 1631 1304 1672 Rom,
1329 1631 1529 1665 schwerlich
1543 1631 1621 1664 weil
1639 1641 1674 1664 er
1699 1651 1703 1653 >

991 1676 1220 1719 Oberpriester
1245 1687 1328 1715 war,
1353 1676 1393 1709 da
1421 1686 1455 1709 er
1480 1676 1528 1710 als
1547 1677 1673 1710 Consul

990 1721 1057 1754 und
1084 1722 1268 1755 Proconsul
1299 1722 1353 1755 ein
1387 1721 1472 1755 Heer
1504 1731 1672 1754 comman-

990 1766 1085 1807 diert,
1112 1777 1137 1800 s.
1165 1768 1218 1808 28,
1245 1769 1300 1809 38,
1328 1769 1387 1805 12;
1415 1768 1468 1805 29,
1497 1768 1601 1806 13,3;
1626 1767 1671 1799 ib.

990 1814 1044 1853 36,
1061 1814 1091 1845 8.
1119 1812 1249 1845 Anders
1276 1813 1319 1845 ist
1342 1812 1401 1845 das
1417 1812 1600 1845 Verfahren
1617 1812 1672 1845 bei

990 1856 1048 1889 der
1073 1856 1286 1900 Verloosung
1312 1859 1365 1898 39,
1386 1859 1490 1898 45,4;
1517 1856 1671 1890 Momnis.

990 1903 1022 1943 2,
1046 1903 1109 1935 200
1127 1902 1148 1936 f.

1033 1949 1134 1980 4—5.
1163 1946 1278 1985 Fulv„
1309 1957 1344 1980 er
1368 1946 1450 1989 geht
1473 1947 1533 1980 auf
1554 1947 1671 1980 seinen

987 1992 1142 2024 sriiheren
1169 1991 1293 2024 Posteri
1321 1992 1465 2034 zuriick,
1490 1992 1559 2036 vgl.
1585 2003 1615 2027 e.
1640 1995 1670 2033 7,

992 2039 1048 2075 103
1069 2038 1123 2077 26,
1141 2038 1240 2077 2S,6.
1278 2047 1352 2069 mea
1378 2037 1456 2079 leg„
1481 2047 1507 2070 s.
1533 2037 1566 2071 d.
1593 2047 1669 2080 ang.

987 2081 1092 2115 St.—
1113 2081 1259 2122 Tubulo,
1284 2092 1320 2114 er
1345 2091 1414 2115 war
1438 2085 1574 2125 praetor
1596 2083 1668 2116 urb.

987 2137 1145 2170 gewesen
1171 2126 1239 2159 und
1266 2126 1374 2160 erhalt
1393 2128 1481 2168 Jetzt
1502 2128 1555 2160 ein
1570 2128 1670 2161 Com-

986 2172 1107 2205 mando
1141 2172 1205 2205 wie
1236 2172 1435 2215 Calpurnius
1466 2172 1511 2205 im
1536 2172 1567 2206 J.
1593 2175 1670 2215 544,

986 2228 1011 2251 s.
1038 2219 1091 2257 26,
1120 2219 1173 2258 28,
1199 2219 1230 2251 6.
1257 2236 1297 2240 -
1324 2220 1361 2249 ίη
1387 2217 1512 2251 Εένιιν.
1536 2237 1564 2242 -
1592 2218 1668 2251 Cal-

984 2264 1129 2306 purnio,
1150 2262 1213 2295 alle
1227 2262 1297 2295 drei
1311 2262 1450 2304 OhJecte
1465 2262 1611 2306 gehoren
1625 2273 1667 2296 zu

986 2307 1206 2340 succederet:
1241 2307 1308 2340 ihm
1343 2308 1542 2351 uaehfolgen
1568 2308 1667 2342 sollte

987 2353 1038 2386 sur
1063 2352 1128 2385 Etr.
1164 2353 1237 2394 bei,
1271 2353 1302 2384 d.
1329 2353 1359 2386 h.
1391 2353 1434 2386 im
1461 2352 1666 2387 Commando

985 2399 1066 2431 uber
1092 2408 1189 2438 uSW„
1216 2408 1241 2430 s.
1267 2400 1321 2440 37,
1339 2401 1438 2439 14,1:
1464 2399 1667 2431 succedenti

987 2444 1034 2476 ad
1059 2443 1186 2475 navale
1212 2446 1420 2486 imperz'um5
1445 2445 1476 2485 8,
1498 2445 1547 2485 12,
1563 2446 1600 2477 5:
1627 2445 1664 2476 in

985 2489 1132 2522 similem
1157 2491 1338 2521 materiem
1362 2498 1493 2529 rerum,
1519 2488 1589 2531 vgl.
1611 2489 1664 2528 24,

989 2536 1039 2576 12,
1065 2536 1095 2568 6.

1029 2580 1128 2613 6—8.
1155 2579 1267 2612 latum
1293 2599 1318 2603 —
1345 2583 1412 2620 est,
1443 2577 1484 2610 da
1516 2588 1578 2611 nur
1612 2578 1665 2611 bei
