1732 2840
289 92 537 126 PERIOCHAE.
586 93 934 129 ABWEICHUNGEN
957 95 1035 130 DES
1062 97 1301 131 PUTEANUS.
1430 97 1508 136 199

615 274 674 306 Ex
701 273 852 307 LIBRO
878 275 990 308 XXX.

173 362 285 406 Scipio
311 363 342 394 in
360 362 466 394 Africa
482 363 771 406 Carthaginienses
796 367 830 397 et
843 365 985 398 eundem
999 366 1189 409 Syphacem
1205 367 1378 401 Numidiae
1393 379 1506 412 regem

84 408 390 451 Hasdrubalemque
413 408 561 451 pluribus
586 409 722 451 proeliis
747 410 825 442 vicit
844 409 1024 444 adiuvante
1041 411 1233 451 Masinissa;
1261 413 1335 446 bina
1360 413 1506 447 hostium

83 459 188 487 castra
216 453 433 496 expugnavit.
458 453 489 485 in
517 453 638 496 quibus
664 457 709 491 >TE
734 454 904 488 hominum
930 455 1014 489 ferro
1042 457 1177 500 ignique
1202 463 1399 502 consumpta
1419 463 1507 492 sunt.

82 498 271 543 Syphacem
298 509 355 542 per
380 498 414 530 C.
439 498 585 531 Laelium
612 503 645 531 et
670 499 877 532 Masinissam
910 502 1009 544 cepit.
1048 502 1221 536 Masinissa
1247 502 1506 546 Sophonisbam,

83 555 218 584 uxorem
243 543 420 588 Syphacis,
446 542 548 576 filiam
573 543 808 586 Hasdrubalis,
834 550 965 589 captam
991 548 1104 580 statim
1130 548 1298 581 adamavit
1322 554 1356 581 et
1381 550 1506 594 nuptiis

82 589 179 623 sactis
204 599 342 633 uxorem
368 587 494 623 habuit.
539 590 726 632 castigatus
752 600 769 622 a
795 591 951 634 Scipione
976 602 1142 625 venenum
1170 593 1199 623 oi
1225 594 1332 626 misit,
1358 605 1422 632 quo
1450 595 1504 628 illa

82 633 382 677 hausto'decessit.
420 632 643 677 effectumque
667 635 782 668 multis
807 633 972 675 Scipionis
997 632 1164 676 victoriis,
1191 636 1226 666 ut
1251 633 1517 678 Carthaginien-.-

82 690 135 712 ses
160 677 485 723 in·desperationem
511 680 577 712 acti
602 680 634 709 in
662 677 831 710 auxilium
848 677 1000 721 publicae
1025 678 1142 711 salutis
1169 677 1386 712 Hannibalem
1410 689 1506 712 revo-

81 725 208 767 carent.
241 724 356 767 itaque
380 732 468 755 anno
484 722 555 754 xvl
578 722 671 755 ltalia
698 721 863 756 decedens
889 722 922 755 in
936 723 1081 756 Africam
1105 723 1234 756 traiecit
1259 723 1505 767 temptavitque

81 779 140 813 per
164 767 380 813 conloquium
404 777 521 810 pacem
546 778 620 801 cum
635 766 790 811 Scipione
815 778 1017 811 conponere,
1041 772 1074 802 et
1100 779 1175 802 cum
1192 769 1233 802 de
1251 769 1505 803 condicionibus

80 815 173 858 pacis
198 823 264 847 non
290 813 517 853 convenisset,
541 813 611 846 acie
635 813 746 845 victus
771 816 831 846 est.
869 823 934 857 pax
959 813 1287 856 Carthaginiensibus
1312 814 1506 857 petentibus

79 859 156 892 data
182 863 243 892 est.
280 858 443 891 Hannibal
458 857 638 901 Gisgonem
664 868 779 901 pacem
806 858 1055 892 dissuadentem
1074 869 1173 892 manu
1187 869 1247 892 sua
1265 859 1425 897 detraxit;
1451 869 1507 892 ex-

82 908 196 950 cusata
223 903 343 937 deinde
369 904 557 936 temeritate
582 903 660 936 facti
686 904 757 946 ipse
783 913 898 946 pacem
924 904 1039 937 suasit.
1080 904 1274 938 Masinissae
1300 915 1439 948 regnum
1456 915 1507 938 re-

81 950 236 983 stitutum
251 954 312 982 est.
351 959 504 982 reversus
520 949 551 981 in
568 949 682 981 urbem
701 948 813 991 Scipio
832 949 1075 991 amplissimum
1101 949 1413 993 nobilissimumque
1437 950 1508 992 egit

81 995 296 1038 triumphum,
323 1004 419 1037 quem
446 994 484 1033 Q.
504 994 680 1027 Terentius
698 994 812 1026 Culleo
838 998 973 1027 senator
997 995 1152 1037 pilleatus
1177 999 1312 1028 secutus
1338 1000 1398 1028 est.
1438 995 1508 1028 Sci-

40 1049 44 1051 *
82 1041 137 1083 pio
151 1040 325 1072 Africanus
338 1040 558 1072 -incertum
583 1039 714 1072 militari
741 1039 831 1082 prius
856 1038 971 1072 favore
993 1049 1034 1072 an
1052 1039 1204 1083 populari
1223 1049 1301 1072 aura
1319 1040 1363 1072 ita
1382 1050 1507 1083 cogno-

81 1085 227 1118 minatus
241 1085 482 1128 sit—primus
507 1089 595 1118 certe
621 1084 673 1117 hic
690 1084 869 1126 imperator
894 1085 1003 1117 victae
1028 1094 1046 1116 a
1071 1095 1107 1117 se
1133 1085 1266 1118 nomine
1284 1085 1395 1127 gentis
1414 1085 1508 1117 nobi-

80 1130 196 1164 litatus
213 1134 274 1164 est.
310 1129 420 1173 Mago,
446 1129 535 1163 bello
561 1130 617 1172 qui
643 1130 673 1161 in
701 1138 780 1171 agro
805 1129 990 1162 Insubrium
1016 1140 1090 1162 cum
1115 1129 1274 1163 Romanis
1299 1130 1508 1171 conflixerat,

81 1176 295 1214 vulneratus,
327 1185 402 1208 cum
431 1175 464 1207 in
490 1175 634 1208 Africam
659 1183 718 1217 per
742 1174 874 1217 legatos
898 1178 1075 1207 revocatus
1101 1178 1343 1217 reverteretur,
1370 1185 1410 1208 ex
1435 1176 1508 1208 vul-

82 1231 159 1254 nere
184 1225 335 1254 mortuus
361 1224 423 1253 est.

345 1554 782 1608 ABWElCHUNGEN
821 1555 924 1607 DES
961 1554 1257 1608 PUTEANUS.

173 1670 242 1703 Lib.
266 1669 381 1702 XXIX.
405 1670 441 1713 1,
466 1670 485 1710 ξ
515 1671 543 1702 1.
569 1669 777 1711 voluptarios
797 1667 802 1712 Ι
825 1670 856 1701 2.
881 1678 957 1711 neq.
979 1668 984 1711 Ι
1007 1670 1039 1702 3.
1063 1668 1192 1701 iunioru
1215 1667 1220 1712 Ι
1241 1668 1341 1702 africa
1362 1668 1366 1711 Ι
1389 1668 1509 1712 dieque

82 1719 113 1750 4.
128 1716 260 1759 agebat,
274 1725 294 1747 n
310 1715 365 1748 iib.
380 1724 422 1757 ag
444 1714 448 1757 Ι
470 1717 501 1748 6.
514 1713 789 1758 siquilallanimati
811 1713 815 1755 Ι
837 1713 1031 1746 eossiiamS
1050 1712 1055 1756 Ι
1077 1716 1134 1757 atq
1157 1713 1161 1757 Ι
1182 1715 1236 1757 ἡ).
1259 1713 1264 1756 Ι
1286 1716 1317 1746 7.
1335 1714 1508 1747 exitsunus

85 1765 89 1803 Ι
107 1771 226 1805 prosus
248 1760 254 1803 Ι
276 1762 307 1793 8.
322 1760 622 1803 scipioetquoniam
637 1759 843 1800 (Crev.AI.),
857 1758 881 1791 S
900 1760 905 1800 1
926 1759 1043 1792 setires
1064 1759 1069 1802 Ι
1091 1759 1294 1802 expeditiarn
1317 1758 1320 1802 Ι
1343 1759 1510 1802 exemplo,

83 1811 96 1839 t
119 1817 150 1839 v.
176 1817 221 1838 m.
246 1808 267 1839 4
292 1805 349 1837 ilb.
377 1815 415 1837 ex
436 1805 441 1846 Ι
462 1807 493 1837 9.
521 1804 716 1838 condicione
738 1804 742 1847 Ι
767 1806 818 1837 10.
844 1804 1018 1837 CCCsiculi
1039 1804 1045 1847 Ι
1071 1807 1120 1838 11.
1147 1803 1474 1847 egraeciamhancala
1500 1804 1506 1847 Ι

82 1849 525 1895 euasissessferuntadiuuisse
547 1849 551 1893 Ι
578 1851 627 1882 12.
646 1849 826 1892 plurimorfi
847 1849 852 1892 Ι
878 1851 928 1883 13.
947 1849 1115 1892 quodcum
1137 1849 1141 1891 Ι
1163 1849 1507 1894 credebanttuetiaml

83 1895 258 1941 opsidione
273 1896 278 1937 Ι
295 1901 347 1928 eni
369 1895 374 1937 Ι
402 1898 450 1928 14.
474 1896 507 1928 E.
524 1895 528 1937 Ι
546 1895 705 1939 praedatu
723 1896 728 1936 Ι
745 1895 919 1938 panhormi
942 1895 946 1937 Ι
974 1897 1023 1928 15.
1043 1895 1166 1927 omnib.
1183 1894 1188 1938 Ι
1209 1897 1260 1929 16.
1275 1895 1416 1938 generis,
1434 1895 1462 1928 is
1476 1906 1508 1928 v.

81 1953 127 1975 m.
153 1944 171 1974 2
198 1941 269 1980 auf
287 1940 412 1974 Rasur.
436 1941 441 1983 Ι
472 1943 522 1973 17.
548 1940 658 1973 omniu
681 1939 686 1983 Ι
709 1939 840 1973 eodicto
862 1939 867 1982 Ι
888 1939 1223 1982 ορῑίηεηᾱετηίηἰυῐίεῑ
1250 1940 1255 1982 Ι
1289 1941 1339 1974 18.
1369 1944 1473 1973 tatum
1500 1939 1506 1983 Ι

82 1987 284 2020 adiuuarunt
296 1986 382 2028 (Al.)
404 1986 408 2029 Ι
433 1987 483 2019 19.
499 1985 702 2028 eadeaetate,
717 1995 732 2018 s
748 1985 782 2018 ii
798 1995 836 2018 ae
858 1987 862 2026 Ι
884 1984 1189 2018 concienteindibili
1204 1985 1228 2018 S
1248 1986 1252 2027 Ι
1275 1986 1327 2018 20.
1351 1985 1509 2024 rebantur

87 2031 145 2064 Gr.
167 2031 172 2075 Ι
194 2030 371 2064 hannibale
392 2031 397 2073 Ι
419 2032 472 2064 21.
497 2030 583 2063 duci-1
606 2031 610 2073 Ι
632 2030 1097 2063 romaniaromanihabebant
1123 2030 1179 2064 W.
1201 2030 1205 2072 Ι
1236 2031 1289 2063 22.
1316 2029 1461 2072 trapida,
1490 2039 1508 2063 e

83 2077 140 2109 fib.
166 2087 187 2108 a
208 2076 214 2118 Ι
235 2075 589 2109 omniautinconditam
611 2075 636 2108 S
656 2075 661 2119 Ι
683 2075 918 2108 occansionem
939 2075 944 2118 Ι
965 2077 1018 2108 23.
1045 2085 1083 2108 ea
1106 2077 1111 2117 Ι
1130 2073 1511 2120 romanisnecinuicemss

86 2120 567 2164 hasautnecinuicemllhasaut
595 2121 600 2164 Ι
626 2120 757 2163 utrique
787 2120 791 2163 Ι
819 2122 872 2154 24.
898 2119 1213 2164 consenlltirenpelli
1242 2119 1247 2163 Ι
1276 2120 1509 2163 omniimperio

85 2170 239 2207 externo,
271 2165 341 2208 vgl.
374 2176 419 2197 zu
451 2167 507 2208 28,
532 2168 585 2205 22,
615 2168 672 2199 14:
707 2165 992 2208 caedeprimorum
1013 2166 1018 2207 Ι
1041 2164 1164 2205 redire,
1198 2169 1211 2198 t
1234 2176 1263 2197 v.
1289 2175 1332 2197 m.
1359 2167 1380 2199 4
1404 2175 1509 2208 zuge—

84 2216 172 2244 setzt
192 2212 196 2254 Ι
218 2213 271 2245 25.
286 2210 438 2253 aliaquae
459 2211 464 2254 Ι
485 2216 584 2254 gente
607 2210 611 2255 Ι
634 2212 686 2244 26.
704 2210 793 2242 milia
810 2211 822 2254 ΙΙ
841 2209 923 2255 2,1.
949 2210 1103 2243 elisceret
1121 2208 1127 2254 Ι
1149 2209 1470 2253 primoneglegendo
1485 2208 1511 2243 S

88 2256 94 2300 Ι
120 2258 151 2291 2.
175 2256 362 2299 iunctisipsi
385 2257 390 2298 Ι
411 2256 575 2290 exercitus
600 2255 676 2297 (Gr.
703 2256 771 2292 Al.)
800 2256 805 2298 Ι
832 2259 993 2289 ausetani]
1015 2255 1020 2298 Ι
1042 2255 1341 2299 peruenerettrium
1363 2254 1368 2298 Ι
1390 2261 1468 2288 eoru

87 2304 118 2336 3.
144 2301 301 2344 perlatos,
327 2311 369 2344 eg
392 2311 422 2332 v.
448 2311 492 2334 m.
516 2304 537 2335 4
562 2303 617 2333 ἰῶ.
646 2301 675 2333 la
698 2300 702 2342 Ι
725 2310 878 2341 romana,
902 2310 920 2333 o
946 2301 1002 2333 iib.
1030 2312 1050 2332 a
1073 2300 1077 2343 Ι
1100 2301 1180 2332 haut
1201 2300 1205 2343 Ι
1228 2304 1259 2333 4.
1284 2300 1475 2333 omnemille

85 2345 482 2391 passusprosuallacastris
502 2346 508 2389 Ι
530 2346 743 2380 5.ausestani
765 2345 770 2388 Ι
791 2345 939 2379 destrum
962 2346 966 2385 Ι
988 2346 1105 2378 ubiubi
1127 2345 1132 2388 Ι
1154 2347 1185 2378 7.
1209 2344 1376 2378 interualli
1397 2343 1402 2388 Ι
1424 2346 1454 2378 8.
1468 2348 1510 2378 tr.

86 2392 142 2424 mil
166 2392 170 2434 Ι
191 2392 368 2433 acie(acies
382 2391 488 2432 Al.)ui
502 2391 527 2424 S
545 2391 551 2434 Ι
572 2394 602 2426 9.
629 2391 671 2424 du
694 2391 698 2434 Ι
720 2391 795 2423 leuo
818 2391 822 2433 Ι
843 2391 1142 2433 rogaerattertiam,
1168 2402 1189 2434 p
1207 2391 1264 2422 ilb.
1282 2400 1330 2430 ro,
1355 2400 1375 2422 n
1401 2391 1458 2423 2211.
1470 2401 1507 2433 g,

87 2436 112 2469 S
131 2437 135 2477 1
162 2439 211 2470 10.
226 2436 320 2469 locus
334 2436 417 2476 (Al.)
438 2436 443 2479 Ι
468 2438 519 2470 11.
533 2436 831 2470 missumesseabse
844 2435 869 2469 S
887 2445 891 2475 ι
919 2438 968 2469 12.
984 2435 1228 2468 turbauitsimul
1250 2435 1255 2478 Ι
1280 2437 1329 2469 13.
1346 2434 1509 2478 equestri-

89 2481 321 2525 adpedestrem
335 2480 359 2513 S
379 2481 383 2524 Ι
404 2481 621 2523 fructuantia,
645 2481 724 2514 lz'ib.
739 2492 758 2513 r
778 2481 783 2523 Ι
806 2481 1080 2523 utperculsosneu
1102 2480 1107 2523 Ι
1130 2480 1210 2522 acie,
1235 2480 1266 2513 d.
1282 2479 1400 2513 Striclz
1418 2491 1448 2514 v.
1463 2479 1505 2525 4Ι

92 2528 143 2560 14.
158 2526 427 2559 tameninfestum
450 2529 454 2566 Ι
476 2525 629 2560 indebitis
651 2527 656 2570 Ι
681 2529 730 2560 15.
747 2525 995 2569 caeiquiequos,
1019 2535 1035 2559 s
1052 2526 1110 2558 fib.
1129 2526 1157 2558 ei
1181 2525 1185 2569 Ι
1207 2535 1401 2569 apscessum
1423 2525 1428 2569 Ι
1454 2527 1507 2558 17.
