1732 2840
490 75 612 109 LlBER
638 75 778 108 xxvln.
827 74 920 107 CAP.
946 77 998 109 44.
1384 72 1464 113 239

38 96 64 116 a.
83 89 134 116 cn.
151 89 210 115 205.

38 192 161 238 terim,
184 192 275 231 dum
299 191 447 237 traicio,
469 191 560 229 dum
585 202 738 242 expono
762 190 975 229 exercitum
996 190 1036 228 in
1059 190 1201 236 Africa,
1224 190 1314 229 dum
1341 198 1463 230 castra

35 249 81 288 ad
98 248 368 299 Carthaginem
387 259 612 299 promoveo,
629 259 691 285 res
709 246 862 298 publica
880 246 942 285 hic
960 246 1180 286 detrimenti
1199 247 1338 299 capiat,
1361 248 1463 299 quod

35 312 98 353 tu,
127 305 170 351 Q.
193 305 309 349 Fabi,
341 316 429 344 cum
460 304 581 342 victor
612 310 687 342 tota
718 303 894 342 volitaret
923 303 1029 342 Italia
1063 303 1278 351 Hannibal,
1301 305 1463 356 potuisti

36 370 245 415 praestare,
276 362 351 400 hoc
371 361 456 400 vide
479 373 527 400 ne
549 360 875 399 contumeliosum
898 360 947 399 sit
969 372 1160 399 concusso
1184 361 1258 400 iam
1281 367 1319 399 et
1340 374 1464 413 paene
1487 369 1520 400 11

36 420 158 458 fracto
181 417 399 457 Hannibale
421 430 564 469 negare
584 430 700 469 posse
722 417 764 456 P.
786 417 981 456 Licinium
1002 416 1219 464 consulem,
1243 418 1365 457 virum
1385 418 1464 457 sor-

34 475 240 522 tissimum,
261 482 470 527 praestare,
493 474 573 526 qui,
597 487 645 513 ne
667 487 686 512 a
709 474 829 513 sacris
845 473 943 513 absit
959 474 1132 525 pontifex
1150 474 1352 520 maximus,
1375 475 1463 514 ideo

36 532 75 571 in
107 538 250 571 sortem
282 538 358 571 tam
391 531 630 583 longinquae
660 531 882 582 provinciae
924 543 1001 569 non
1033 530 1148 570 venit.
1211 531 1242 569 si
1283 531 1464 571 hercules
1489 539 1522 571 12

36 589 159 628 nihilo
183 588 376 628 maturius
396 589 484 635 hoc,
517 600 594 639 quo
618 600 689 637 ego
713 600 867 633 ceuse0,
890 587 1004 626 modo
1028 588 1282 640 perficeretur
1303 588 1463 635 bellum,

35 653 164 685 tamen
195 646 240 684 ad
263 645 494 696 dignitatem
517 644 652 696 populi
676 644 840 683 Romani
862 644 1082 696 famamque
1103 644 1206 696 apud
1227 656 1340 695 reges
1366 657 1462 696 gen-

35 709 171 755 tesque
201 708 380 741 externas
408 701 650 753 pertinebat,
679 714 758 740 non
790 702 836 740 ad
867 701 1149 740 defendendam
1177 701 1292 740 modo
1314 701 1462 741 Italiam

35 760 100 799 sed
133 759 178 798 ad
210 759 413 798 inserenda
438 758 551 797 etiam
575 758 727 797 Africae
758 770 862 797 arma
893 758 1013 797 videri
1036 757 1150 796 nobis
1170 757 1342 797 animum
1366 771 1463 805 esse,

35 828 108 855 nec
129 817 204 855 hoc
225 815 329 854 credi
350 815 591 866 vulgarique,
616 815 719 866 quod
743 814 937 854 Hannibal
959 827 1076 854 ausus
1093 815 1154 861 sit,
1178 815 1374 853 neminem
1393 815 1464 854 du·
1488 822 1523 855 13

34 885 117 912 cem
150 871 416 911 Romanorum
449 873 612 918 audere,
642 878 680 910 et
701 872 831 923 priore
852 871 1002 910 Punico
1024 871 1151 918 bello,
1181 878 1283 919 tum,
1305 884 1395 911 cum
1416 872 1464 911 de

34 929 165 968 Sicilia
197 935 434 975 certaretur,
465 929 609 967 totiens
629 928 798 967 Africam
828 927 876 966 ab
908 927 1052 966 nostris
1083 928 1396 979 exercitibusque
1425 935 1464 968 et

34 985 223 1025 classibus
245 993 524 1038 oppugnatam,
548 997 667 1031 nunc,
690 997 778 1024 cum
801 985 848 1023 de
868 984 975 1022 Italia
997 990 1180 1029 certetur,
1202 984 1371 1023 Africam
1394 998 1462 1037 pa·

22 1050 156 1093 'catam
189 1055 284 1081 esse.
345 1042 561 1094 requiescat
591 1041 799 1093 aliquando
827 1046 958 1079 vexata
988 1047 1064 1080 tam
1087 1041 1152 1079 diu
1173 1040 1278 1080 ltalia
1294 1072 1302 1086 ,
1326 1048 1462 1081 uratur
1486 1048 1521 1080 14

34 1106 304 1150 evasteturque
336 1099 375 1138 in
404 1099 526 1137 vicem
550 1098 699 1146 Africa3
724 1105 846 1137 castra
869 1097 1043 1136 Romana
1066 1098 1196 1150 potius
1220 1098 1462 1150 Carthaginis
1485 1106 1522 1137 15

32 1156 157 1219 portis
172 1156 414 1203 immineant,
436 1167 551 1206 quam
574 1167 647 1194 nos
668 1155 808 1193 iterum
831 1154 972 1193 vallum
994 1154 1167 1194 hostium
1189 1167 1233 1193 ex
1255 1155 1465 1195 moenibus

0 1253 1 1268 χ
33 1213 176 1252 nostris
198 1212 416 1260 videamus3
450 1212 578 1251 Africa
611 1211 660 1250 sit
689 1211 831 1263 reliqui
861 1211 952 1250 belli
986 1211 1118 1257 sedes,
1142 1211 1235 1250 illuc
1256 1218 1382 1251 terror
1403 1213 1464 1251 fu—

0 1269 1 1274 ’
32 1281 173 1332 gaque,
193 1269 394 1322 populatio
411 1281 608 1320 agrorum,
630 1268 794 1307 defectio
812 1270 1023 1316 sociorum,
1045 1274 1197 1307 ceterae
1213 1268 1305 1307 belli
1323 1269 1463 1317 clades,

33 1339 131 1377 quae
164 1326 205 1365 in
237 1338 310 1365 nos
340 1338 410 1378 per
435 1299 762 1377 ”quattuordecim
803 1337 928 1364 annos
958 1325 1214 1375 ingruerunt,
1250 1331 1462 1365 vertantur.

33 1395 130 1434 quae
160 1383 206 1422 ad
243 1394 325 1422 rem
364 1382 560 1434 publicam
600 1382 798 1434 pertinent
834 1388 872 1421 et
905 1356 1073 1429 bellunm,
1111 1354 1215 1433 quod
1249 1382 1390 1430 instat,
1427 1389 1465 1422 et
1488 1388 1522 1420 16

782 1481 910 1522 werde,
943 1481 1026 1514 wird
1053 1481 1101 1514 ost
1125 1481 1157 1514 in
1184 1482 1248 1514 den
1274 1481 1463 1515 Nebensatz

782 1526 867 1560 nach
892 1526 950 1560 der
964 1527 1186 1567 Conjunction
1205 1527 1463 1570 eingeschoben,

782 1582 809 1605 s.
835 1575 867 1604 si
890 1573 1049 1604 hercules
1071 1575 1102 1613 5,
1117 1575 1218 1612 4,1Ο,
1242 1573 1313 1614 vgl.
1339 1575 1393 1615 22,
1408 1575 1462 1613 59,

785 1619 843 1650 17:
869 1620 901 1649 si
923 1628 978 1649 me
1003 1617 1082 1649 dius
1106 1618 1225 1659 fidius,
1251 1620 1306 1658 25,
1332 1620 1462 1659 38,13;

783 1662 862 1695 Sall.
889 1662 921 1696 C.
950 1664 1004 1703 52,
1031 1664 1090 1696 35;
1116 1665 1150 1694 si
1171 1663 1368 1695 mehercule
1388 1674 1461 1697 u.a.

782 1726 827 1731 -——
851 1708 900 1739 ad
925 1708 1022 1748 dign.
1050 1727 1077 1730 —
1101 1709 1287 1749 pertineb„
1312 1708 1377 1742 wie
1403 1709 1461 1741 de-

781 1754 882 1785 behac
906 1763 937 1785 u.
964 1754 1007 1794 a„
1040 1755 1072 1791 5,
1097 1756 1129 1794 6,
1158 1756 1192 1786 1:
1227 1754 1275 1785 ad
1305 1753 1461 1797 discipli-

780 1809 863 1830 nam
887 1818 912 1821 -
940 1800 1122 1839 intererat,
1148 1799 1191 1831 ib.
1218 1799 1237 1840 ξ
1263 1801 1293 1838 6,
1319 1799 1398 1833 wir:
1426 1809 1461 1832 es

780 1843 940 1886 gehiirte,
975 1843 1068 1876 hatte
1099 1843 1228 1886 gehfirt.
1266 1863 1307 1867 —
1336 1845 1463 1885 videri,

780 1889 857 1922 dass
882 1898 957 1921 man
984 1889 1075 1929 sehe,
1102 1889 1165 1923 wie
1192 1889 1339 1922 nachher
1353 1890 1460 1922 credi.

31 1501 76 1506 —
102 1484 139 1514 in
164 1481 307 1522 Africa,
334 1482 373 1514 da
402 1482 611 1524 (angelangt)
635 1492 712 1515 aus-

32 1530 164 1568 setzen,
196 1527 317 1560 anders
342 1530 397 1569 24,
421 1530 476 1564 40
501 1529 602 1561 9.-
627 1528 713 1559 voli-

34 1577 140 1612 tar-ee,
174 1573 243 1605 sich
278 1572 364 1606 keck
397 1573 464 1605 und
498 1573 713 1615 iibermt'ithig

32 1618 252 1658 herumtrieb;
280 1618 369 1650 Plut.
394 1618 525 1660 Philop.
552 1620 607 1651 16·
634 1599 714 1650 Ῥω-

31 1666 153 1705 μαίων
167 1675 207 1695 εν
230 1662 275 1708 τῆ
288 1659 429 1695 Ἐἶλάδι
457 1663 714 1695 αἰωοουιιένων

32 1698 300 1753 στρατοπέδοις.
314 1719 553 1747 -εοησιιεεο,
571 1718 597 1740 s.
615 1710 669 1749 31,
684 1710 715 1748 7,

34 1755 93 1787 10:
125 1753 268 1785 Italiam
293 1753 454 1795 Pyrr-lius
478 1755 655 1786 concussu
679 1757 712 1785 et

33 1818 59 1822 —
74 1798 122 1831 ad
144 1799 265 1831 urbem
283 1801 388 1839 veuit,
412 1798 471 1831 der
485 1798 643 1832 Gedanke
668 1798 711 1832 ist

31 1854 73 1876 zu
97 1854 230 1886 negare
251 1844 398 1886 gestellt,
421 1843 542 1887 gehort
565 1845 645 1877 aber
669 1854 711 1877 zu

31 1899 131 1930 posse
154 1893 537 1932 praestare.—virum
561 1889 659 1929 fort„
684 1900 709 1922 5.

31 1936 86 1975 30,
114 1937 144 1968 1.
167 1953 212 1959 --
237 1945 280 1967 ne
305 1945 328 1967 a
353 1945 455 1977 sacr„
481 1945 508 1968 c.
532 1936 711 1974 38,12.-

32 1979 123 2021 ideo,
149 1990 211 2012 nur
227 1979 377 2022 deshalb,
403 1990 429 2013 s.
444 1982 475 2019 2,
493 1982 544 2021 15,
559 1982 594 2014 2:
620 1981 711 2013 ware

32 2024 142 2058 dieses
166 2025 279 2066 nicht,
305 2036 342 2058 so
368 2025 484 2059 wurde
509 2036 544 2059 er
568 2026 633 2058 wie
657 2026 710 2058 ich

32 2070 118 2102 nach
132 2069 243 2103 Africa
268 2071 377 2113 gehen
395 2071 527 2104 kfinnen
542 2071 609 2103 und
628 2071 711 2103 wol-

31 2115 98 2148 len.
124 2134 166 2139 —-
192 2117 230 2147 in
254 2120 338 2148 sort.
365 2127 457 2155 vem,
490 2126 549 2149 zur
573 2115 711 2149 Verloo-

32 2170 120 2203 sung
143 2159 312 2200 kommen,
337 2171 364 2195 5.
393 2164 420 2203 l,
447 2163 499 2202 34,
525 2164 555 2195 3.

81 2207 222 2240 12—15.
249 2205 307 2238 Die
320 2206 406 2240 Ehre
429 2207 531 2240 Roms
555 2206 711 2250 verlangt

33 2261 86 2292 es,
132 2251 210 2284 dass
247 2251 305 2283 der
339 2251 439 2295 Krieg
478 2251 563 2285 nach
600 2252 709 2285 Africa

32 2296 318 2339 hiniibergespielt
348 2297 444 2331 wird.
467 2315 512 2321 —
541 2298 711 2339 herculem,

33 2342 88 2380 34,
112 2343 169 2384 31,
193 2344 228 2380 3;
256 2341 408 2384 dagegen
434 2343 574 2375 hercule
603 2353 631 2375 c.
656 2344 712 2384 43,

35 2389 91 2426 16;
123 2390 156 2429 5,
189 2389 222 2429 6,
254 2389 308 2424 12;
345 2386 403 2419 der
438 2387 616 2421 Ausdruck
653 2387 711 2421 der

31 2413 309 2476 Ueberzeugung,
335 2431 413 2465 dass
438 2432 497 2466 das
521 2433 565 2466 im
585 2432 711 2476 Haupt-

32 2480 127 2510 satze
155 2479 367 2521 Ausgesagte
400 2482 497 2511 unter
528 2478 586 2511 der
610 2487 710 2511 anzu-

32 2522 206 2566 gebenden
243 2523 445 2566 Bedingung
484 2526 565 2556 statt
600 2523 709 2557 haben

778 1954 823 1958 —
848 1934 890 1966 de
914 1933 996 1975 Sic.,
1022 1945 1083 1967 nur
1107 1945 1162 1967 um
1188 1934 1264 1975 Sic.,
1289 1945 1314 1968 5.
1334 1937 1388 1976 21,
1406 1937 1460 1977 41,

784 1981 835 2013 14.
860 1997 904 2004 -
930 1982 1068 2021 totiens,
1094 1981 1159 2013 wie
1186 1981 1240 2019 21,
1264 1983 1318 2020 53,
1344 1983 1380 2017 ὃς
1408 1991 1463 2012 so-

782 2025 848 2065 lici,
862 2025 1060 2058 rhetorisch.
1072 2029 1277 2066 -evastel.‚
1292 2025 1352 2058 das
1369 2026 1464 2058 Wort

780 2069 886 2102 findet
910 2070 981 2103 sich
1005 2081 1066 2103 vor
1090 2070 1137 2112 L.,
1168 2071 1234 2103 wie
1260 2081 1296 2103 es
1320 2071 1463 2112 scheint,

780 2115 872 2148 nicht
897 2115 1094 2158 gebraucht,
1121 2125 1187 2148 von
1205 2116 1272 2148 ihm
1287 2115 1380 2148 nicht
1397 2116 1460 2149 sel-

780 2165 847 2193 ten.
873 2179 918 2185 --
944 2163 979 2192 in
1009 2163 1136 2201 vicem,
1166 2160 1216 2194 als
1240 2161 1461 2204 Erwiderung

780 2206 860 2239 oder
890 2216 948 2238 zur
978 2206 1250 2249 Abwechslung,
1285 2209 1316 2247 2,
1352 2208 1402 2247 12,
1427 2210 1459 2240 5.

780 2262 886 2293 quam
919 2262 982 2283 nos
1013 2254 1068 2290 ἰῇ,
1102 2251 1162 2285 das
1194 2261 1221 2284 c.
1251 2254 1306 2291 41,
1333 2253 1373 2285 13
1398 2251 1461 2284 Be-

780 2297 946 2330 stirehtete
983 2297 1065 2329 wird
1103 2307 1141 2330 so
1181 2306 1233 2329 am
1275 2296 1459 2330 sichersten

779 2342 946 2375 verhiitet.
971 2361 1014 2366 —
1039 2342 1188 2384 reliqui,
1217 2342 1323 2375 soviel
1348 2342 1459 2375 davon

779 2387 867 2420 noch
892 2387 988 2430 fibi-ig
1013 2388 1067 2428 ist,
1092 2387 1150 2420 der
1167 2387 1249 2420 Rest
1266 2387 1458 2427 desselben;

780 2436 915 2465 ceterae
940 2432 1092 2475 dagegen
1107 2432 1198 2465 stellt
1211 2433 1265 2466 die
1280 2432 1458 2476 kunstigen

780 2477 829 2511 als
845 2478 941 2510 einen
956 2477 1112 2518 anderen,
1126 2471 1268 2512 zweiten
1284 2478 1379 2512 Theil
1394 2478 1456 2511 den

779 2522 932 2556 sriiheren
960 2503 1138 2566 entgegeh.
