1732 2840
39 103 65 123 a.
87 96 138 123 ch.
158 97 216 123 ⁸204.
504 85 624 118 LIBER
648 85 761 118 xxtx.
809 85 900 119 CAP.
927 88 980 120 30.
1406 85 1455 123 71

40 200 177 239 sinissa
195 199 320 251 primo
339 199 484 251 impetu
503 200 615 251 capit,
632 211 675 238 ex
692 200 808 250 regiis
823 200 919 239 alios
937 200 1123 239 tradentis
1140 213 1180 240 se
1197 201 1346 253 recipit,
1363 201 1458 241 alios

39 256 114 296 vim
147 257 316 308 parantis
338 256 498 303 occidit;
531 269 619 308 pars
641 257 802 295 maxima
824 269 911 295 cum
942 257 1025 308 ipso
1048 269 1168 308 puero
1191 257 1291 296 inter
1313 258 1456 297 tumul-

39 319 119 352 tum
151 314 196 352 ad
218 312 455 365 Syphacem,
487 325 563 364 quo
597 314 764 364 primum
794 313 1041 351 intenderant
1062 313 1152 360 iter,
1184 321 1455 365 pervenerunt.

39 369 137 408 fama
166 368 284 409 huius
313 369 485 408 modicae
515 369 569 408 rei
600 369 639 408 in
664 369 856 421 principio
878 381 1008 408 rerum
1030 382 1215 421 prospere
1236 377 1341 410 actae
1362 383 1456 410 con·
1477 378 1495 409 7

38 426 148 465 vertit
176 426 221 465 ad
243 425 483 465 Masinissam
513 425 716 472 Numidas;
748 425 1045 477 adfluebantque
1078 426 1249 478 undique
1281 439 1326 466 ex
1355 428 1457 479 agris

37 482 207 533 vicisque
236 488 382 522 veteres
413 482 554 521 milites
577 482 690 521 Galae
721 487 758 520 et
787 481 999 520 invitabant
1027 482 1202 521 iuvenem
1226 484 1271 522 ad
1292 496 1455 536 recupe-

36 539 202 578 randum
223 546 428 591 paternum
449 551 625 589 regnum.
676 550 838 577 numero
861 538 1025 577 militum
1048 538 1288 590 aliquantum
1309 540 1456 580 Mazae-
1475 547 1494 579 8

37 595 155 634 tullus
185 595 411 648 superabat:
454 606 541 634 nam
573 601 609 634 et
640 595 722 647 ipse
754 607 841 633 eum
873 595 1104 641 exercitum,
1138 608 1214 646 quo
1247 596 1454 648 Capussam

35 652 193 699 vic-erat,
216 660 250 691 et
273 665 318 690 ex
339 652 504 703 receptis
524 658 613 703 post
634 651 789 690 caedem
810 651 912 702 regis
933 651 1079 703 aliquot
1103 652 1279 698 habebat,
1301 660 1337 692 et
1358 666 1456 705 puer

35 707 267 748 Lacumazes
298 709 344 748 ab
377 708 550 760 Syphace
582 708 721 747 auxilia
751 708 923 759 ingentia
954 708 1173 747 adduxerat.
1234 709 1454 760 quindecim

35 764 154 804 millia
183 765 355 816 peditum
377 764 624 812 Mazaetullo,
657 765 790 803 decem
821 764 940 803 millia
962 765 1135 816 equitum
1157 774 1284 812 erant,
1314 766 1456 817 quihus
1477 773 1495 806 9

35 833 122 860 cum
152 821 351 860 Masinissa
384 833 628 873 nequaquam
657 827 805 860 tantum
837 821 1008 872 peditum
1039 822 1257 872 equitumve
1288 822 1454 861 habente

34 878 114 916 acie
131 878 317 917 conflixit.
355 878 444 917 vicit
461 885 588 916 tamen
611 885 648 916 et
665 884 838 917 veterum
860 877 1026 916 militum
1049 879 1168 916 virtus
1189 884 1226 916 et
1247 879 1453 929 prudentia

33 933 133 973 inter
152 934 325 973 Romana
356 941 393 973 et
413 934 557 973 Punica
587 946 690 973 arma
721 934 912 973 exercitati
937 934 1064 981 ducis;
1099 934 1257 984 regulus
1278 947 1365 974 cum
1392 942 1454 974 tu·
1478 942 1513 974 10

33 997 116 1029 tore
147 997 183 1029 et
214 991 348 1040 exigua
371 990 687 1029 Masaesuliorum
716 1002 834 1030 manu
863 991 903 1028 in
931 991 1289 1040 Carthaginiensem
1319 1004 1454 1042 agrum

27 1047 213 1099 perfugit.
262 1047 312 1086 ita
342 1053 570 1098 recuperato
602 1059 722 1098 regno
744 1054 906 1098 paterno
928 1046 1149 1094 Masinissa,
1180 1047 1268 1098 quia
1293 1048 1366 1086 sibi
1387 1049 1452 1087 ad-

31 1115 164 1142 versus
186 1103 401 1155 Syphacem
422 1103 521 1142 haud
551 1102 667 1154 paulo
689 1103 874 1142 maiorem
894 1110 1040 1142 restare
1061 1103 1348 1142 dimicationem
1370 1116 1452 1143 cer-

32 1159 168 1208 nebat,
191 1160 382 1211 optimum
412 1166 518 1199 ratus
549 1171 636 1198 cum
669 1159 784 1199 fratre
812 1159 985 1212 patruele
1005 1160 1167 1210 gratiam
1187 1160 1451 1209 reconciliare,

31 1216 172 1262 missis,
204 1217 270 1267 qui
292 1224 327 1255 et
358 1229 479 1268 puero
501 1228 611 1267 spem
641 1216 832 1265 facerent,
864 1216 894 1255 si
926 1216 966 1254 in
988 1216 1103 1255 fidem
1125 1216 1346 1255 Masinissae
1368 1230 1451 1256 sese
1476 1224 1508 1255 11

30 1272 290 1324 permisisset,
322 1273 496 1312 futurum
526 1284 614 1311 eum
643 1273 683 1311 in
715 1273 850 1312 eodem
880 1273 1050 1319 honore,
1083 1285 1159 1324 quo
1189 1273 1290 1324 apud
1320 1273 1452 1312 Galam

32 1328 211 1368 Oezalces
233 1330 429 1381 quondam
458 1329 593 1368 fuisset
607 1359 616 1376 ,
648 1336 684 1368 et
705 1330 798 1381 [qui]
821 1328 1045 1368 Mazaetullo
1077 1335 1230 1380 praeter
1252 1329 1451 1381 inpunita·
1473 1335 1510 1368 12

772 1441 825 1479 29,
854 1441 904 1472 10.
931 1458 976 1462 —
1000 1450 1221 1481 nequaquam
1249 1460 1275 1463 —
1301 1441 1449 1473 lzahente

0 1443 1 1450 ¹
27 1438 80 1472 die
103 1439 297 1482 Eroberung
322 1439 380 1472 der
403 1449 440 1473 so
466 1439 701 1473 bedentenden

772 1483 972 1517 wiederholt
997 1483 1017 1526 ξ
1037 1486 1073 1518 8:
1102 1495 1246 1517 numero
1261 1505 1288 1508 —
1302 1496 1448 1528 supera-

28 1484 125 1518 Stadt
157 1485 248 1518 nieht
282 1485 356 1517 eine
386 1485 524 1517 modica
551 1495 607 1516 res
634 1485 654 1527 ξ
682 1487 699 1517 ἵ

28 1534 175 1572 genannt
201 1529 336 1563 werden
361 1529 487 1563 wurde.

74 1599 171 1631 6—7.
198 1600 323 1637 regiis,
358 1597 538 1639 Anhanger
570 1596 629 1629 des
654 1606 703 1629 re-

27 1642 207 1685 gierenden
244 1641 380 1684 Kenigs.
436 1641 494 1674 Die
531 1641 702 1684 Asyndeta

28 1687 102 1720 sind
127 1698 167 1719 zu
195 1687 366 1720 beachten.
394 1706 434 1710 —
464 1687 702 1727 intenderant,

27 1743 53 1765 S.
80 1734 133 1773 36,
159 1734 213 1773 21,
239 1735 276 1766 6:
304 1732 351 1763 ad
372 1736 572 1773 praetorem
590 1751 616 1755 —
634 1734 702 1763 iter

28 1777 202 1817 intendi&
228 1779 280 1817 21,
306 1778 359 1814 29,
385 1779 422 1814 ὃς
450 1778 502 1817 27,
528 1779 582 1815 46,
607 1779 637 1810 9.
660 1796 703 1801 -

28 1823 191 1863 adflueb„
209 1822 275 1854 und
293 1832 330 1855 so
344 1823 506 1855 strfimten
519 1822 702 1854 immersort

26 1878 78 1909 zu,
104 1878 132 1901 s.
158 1869 190 1908 9,
217 1869 270 1908 38,
295 1869 335 1909 93
362 1868 415 1905 21,
437 1870 489 1904 35,
516 1869 554 1900 12
570 1877 701 1900 11.3.-

27 1924 72 1945 ea:
97 1915 206 1954 agris,
232 1911 332 1945 dahin
359 1911 461 1944 denkt
486 1911 559 1945 sich
585 1912 618 1944 L.
648 1911 702 1944 die

29 1957 213 1991 Veteranen
239 1957 518 2000 zurfickgekehrt,
544 1956 624 1990 oder
637 1957 702 1989 wie

26 2003 59 2035 in
87 2003 170 2035 Rom
195 2003 255 2035 mit
277 2002 480 2035 Landereien
506 2002 702 2035 beschenkt.

26 2067 71 2071 —
93 2051 301 2089 paternum,
341 2047 400 2080 das
424 2047 491 2079 ihm
519 2047 566 2080 als
594 2047 702 2080 Besitz

27 2093 136 2126 seines
162 2092 280 2125 Vaters
306 2092 439 2134 gehfire,
465 2103 491 2125 s.
518 2094 573 2133 30,
595 2095 644 2133 11,
666 2095 701 2135 13

26 2138 70 2170 ib.
99 2139 150 2178 17,
177 2139 211 2174 ὃς
245 2137 395 2180 dagegen
427 2140 481 2176 30,
511 2139 560 2177 12,
587 2140 606 2171 6
637 2147 702 2179 pa-

28 2185 147 2220 trium,
172 2183 239 2225 vgl.
266 2184 320 2222 38,
349 2185 377 2222 1,
402 2184 433 2216 9.

73 2251 172 2283 8-9.
200 2249 432 2291 aliquantum,
459 2260 486 2283 s.
512 2260 540 2283 c.
570 2252 620 2291 18,
640 2252 698 2288 17;

26 2295 95 2337 vgl.
121 2296 175 2335 33,
199 2297 231 2335 4,
258 2297 292 2332 ὃς
318 2295 371 2334 27,
397 2296 450 2335 36,
473 2297 504 2328 7.
523 2314 566 2319 -
583 2305 701 2336 recep-

29 2343 84 2381 tis,
108 2339 384 2380 substantivisch,
410 2350 436 2373 s.
462 2351 490 2373 c.
517 2342 603 2381 33,3
630 2342 699 2372 cir—

28 2387 224 2425 cummissis
254 2387 304 2426 10,
320 2386 427 2426 29,15
459 2386 500 2417 ab
527 2385 701 2425 andusia-,-

29 2431 88 2471 39,
119 2432 180 2472 25,
212 2432 230 2464 8
267 2433 410 2472 praeter
445 2429 528 2462 belli
563 2431 700 2463 casibus

29 2477 193 2515 amissos;
231 2477 284 2516 25,
317 2477 371 2516 36,
408 2476 462 2514 10;
504 2474 556 2508 die
587 2475 701 2507 Wort-

27 2519 174 2564 stellung
199 2531 225 2554 s.
251 2522 281 2560 6,
297 2521 351 2561 22,
368 2521 404 2557 8;
430 2529 488 2552 zur
511 2519 617 2553 Sache
631 2530 657 2553 s.
672 2531 701 2553 c.

773 1531 832 1561 bat
857 1539 917 1561 nur
942 1539 995 1562 um
1012 1533 1128 1561 tamen
1143 1529 1389 1573 anzuknfipfen.
1405 1550 1448 1555 —

773 1577 980 1616 equitumve,
1008 1585 1045 1606 ve
1072 1585 1191 1617 wegen
1210 1575 1267 1608 der
1281 1575 1445 1619 Negation

773 1623 812 1652 st.
839 1630 917 1661 que,
941 1631 967 1652 s.
993 1629 1021 1651 c.
1047 1621 1100 1662 32,
1126 1622 1157 1653 4.
1182 1639 1226 1643 -—
1251 1623 1345 1662 acie,
1375 1631 1447 1654 rno-

773 1663 849 1696 dial.
885 1664 958 1697 Abl.
991 1674 1032 1696 zu
1072 1666 1246 1703 constitnit.
1278 1685 1322 1689 —
1356 1668 1449 1699 inter

774 1708 918 1741 Roman.
945 1713 1019 1749 etc„
1043 1709 1076 1741 in
1103 1709 1164 1742 den
1181 1709 1343 1754 Kampfen
1370 1711 1450 1743 zwi-

774 1753 877 1787 schen
905 1774 928 1777 -
962 1754 1154 1795 erworben,
1192 1755 1284 1788 nicht
1320 1756 1368 1789 als
1406 1756 1447 1789 ob

773 1798 890 1832 Masin.
916 1799 1022 1832 selbst
1053 1799 1159 1832 schon
1190 1800 1275 1833 auch
1298 1801 1358 1833 mit
1384 1801 1447 1834 den

772 1843 916 1876 Romern
942 1854 1133 1877 zusammen
1153 1845 1331 1887 gefochten
1346 1846 1447 1880 hatte.

771 1891 868 1921 —in
896 1889 1013 1922 Car-lh.
1040 1900 1131 1931 agra,
1156 1889 1215 1923 das
1240 1901 1280 1923 an
1297 1891 1449 1925 Masinis-

772 1944 826 1967 sas
852 1934 954 1967 Reieh
978 1939 1124 1978 grenzte.

822 1981 961 2013 10—12.
988 1979 1141 2022 Syphac.
1167 1979 1216 2012 als
1236 1980 1364 2013 Freund
1390 1980 1447 2014 der

772 2023 953 2067 Carthager
980 2024 1048 2057 und
1081 2025 1139 2057 des
1164 2024 1376 2058 Lacumazes.
1402 2045 1446 2049 —

771 2069 858 2108 frat.
883 2073 969 2111 pat.,
996 2080 1022 2103 s.
1047 2079 1076 2102 c.
1102 2080 1129 2102 c.
1156 2071 1332 2108 29,11.—
1350 2071 1448 2112 apud

775 2113 812 2146 G.
840 2114 928 2154 oez„
962 2124 996 2147 er
1029 2114 1112 2147 solle
1148 2114 1196 2147 als
1230 2114 1354 2147 Bruder
1386 2115 1445 2148 des

771 2158 898 2202 Konigs
932 2159 1049 2201 geehrt
1080 2159 1232 2200 werden,
1266 2159 1336 2192 also
1360 2161 1442 2194 Aus—

771 2205 900 2237 sichten
918 2204 977 2236 auf
987 2204 1051 2237 den
1066 2204 1177 2236 Thron
1193 2204 1311 2237 haben.
1326 2224 1369 2228 —
1384 2207 1447 2247 qui

770 2248 854 2281 wird
878 2249 1052 2282 bisweilen
1067 2248 1275 2290 wiederholt,
1302 2260 1354 2282 wo
1368 2259 1443 2283 man

771 2304 806 2327 es
832 2294 924 2327 nicht
948 2298 1115 2336 erwartet,
1146 2304 1172 2328 s.
1199 2293 1300 2337 praef.
1326 2297 1363 2337 43
1391 2297 1444 2337 30,

771 2341 824 2378 30,
851 2341 880 2379 9,
919 2340 1008 2372 ware
1032 2339 1110 2372 aber
1135 2339 1205 2372 hier
1240 2349 1356 2382 wegen
1386 2339 1444 2374 des

770 2383 1131 2428 correspondierenden
1169 2388 1202 2415 et
1239 2384 1331 2417 nicht
1370 2394 1445 2428 pas-

770 2429 870 2471 send,
902 2439 1000 2462 wenn
1033 2439 1109 2461 man
1142 2428 1234 2462 nieht
1258 2429 1445 2464 annehmen

771 2474 852 2515 will,
876 2473 953 2507 dass
978 2474 1100 2507 andere
1125 2473 1290 2507 Gesandte
1314 2484 1356 2508 an
1374 2475 1444 2509 Ma-

769 2519 934 2552 zaetullus
979 2519 1027 2552 als
1070 2529 1110 2551 an
1147 2518 1347 2553 Lacumazes
1388 2530 1446 2564 ge-
