1732 2840
39 151 67 172 a,
88 144 139 172 Cli.
159 144 219 170 209.

468 133 592 166 LlBER
617 133 748 166 xxvn.
796 133 889 166 CAP.
916 135 946 166 9.
982 136 1029 167 10.
1416 133 1466 171 29

36 248 190 294 socios;
222 247 469 288 consensisse
502 247 629 287 omnis
659 248 704 287 ad
735 247 974 299 prodendam
998 247 1204 288 Hannibali
1232 248 1368 287 urbem
1390 248 1466 287 Ro-

39 316 204 344 manam.
238 303 426 344 Consules
441 304 588 344 hortari
605 310 643 343 et
660 304 851 344 consolari
873 311 1064 352 senatum,
1087 312 1123 344 et
1145 305 1272 344 dicere
1290 305 1382 344 alias
1401 318 1467 344 co-
1491 310 1537 345 10

38 360 164 401 Ionias
186 361 224 400 in
247 361 321 400 fide
341 368 457 413 atque
480 361 608 400 officio
631 361 797 413 pristino
820 361 922 408 sore;
956 374 1020 400 eas
1042 374 1199 412 qnoque
1223 362 1338 413 ipsas,
1369 374 1466 413 quae

34 417 166 457 officio
177 417 450 467 decessissent,
469 418 500 457 si
517 417 630 469 legati
649 418 749 457 circa
767 430 830 457 eas
847 418 1020 457 colonias
1035 418 1252 464 mittantur,
1270 419 1336 469 qui
1354 419 1468 457 casti-

37 480 144 525 gent,
162 487 241 513 non
254 475 320 526 qui
334 480 557 526 precentur,
576 474 847 514 verecundiam
866 474 1019 526 imperii
1033 474 1230 514 habituras
1248 487 1343 514 esse.
1377 487 1467 526 per·
1488 484 1505 515 2

37 531 200 570 missum
221 530 268 570 ab
293 537 429 571 senatu
452 531 499 570 iis
530 543 618 570 cum
649 537 770 578 esset,
803 531 976 571 facerent
1005 537 1267 583 agerentque,
1300 538 1340 570 nt
1373 545 1392 570 e
1425 544 1465 569 re

38 587 193 639 publica
216 587 426 636 ducerent,
457 588 727 640 pertemptatis
749 587 859 639 prius
880 587 1040 627 aliarum
1063 588 1305 627 coloniarum
1327 588 1466 627 animis

37 645 253 683 citaverunt
273 644 434 695 legatos,
469 645 822 696 quaesiveruntque
844 643 890 682 ab
912 645 973 691 iis,
995 645 1134 696 ecquid
1157 644 1298 683 milites
1320 657 1366 683 ex
1388 646 1467 683 sor-

36 700 142 740 mula
171 707 326 752 paratos
356 700 558 741 haberent.
609 713 680 752 pro
710 700 974 752 duodeviginti
1005 701 1170 740 coloniis
1199 701 1248 740 M.
1280 701 1464 740 Sextilius
1485 710 1502 741 3

37 756 291 808 Fregellanus
312 758 516 809 respondit
537 764 575 796 et
595 757 736 796 milites
758 765 912 809 paratos
934 770 978 796 ex
1001 758 1166 796 formula
1189 770 1284 804 esse,
1318 765 1354 797 et
1375 757 1463 809 plu-

38 813 147 853 ribus
168 814 201 853 si
223 826 322 866 opus
344 821 467 863 esset,
498 814 622 866 pluris
644 814 813 862 daturos,
845 820 892 867 et,
924 814 1112 865 quidquid
1135 813 1237 854 aliud
1259 815 1467 865 imperaret
1486 823 1505 854 4

35 869 229 921 velletque
260 871 431 922 populus
457 870 676 917 Romanus,
714 871 826 910 enixe
857 870 1049 910 facturos:
1086 870 1132 911 ad
1166 871 1201 909 id
1233 870 1305 909 sihi
1338 883 1464 921 neque

35 938 132 978 opes
161 927 296 966 deesse
326 934 363 966 et
393 927 567 966 animum
605 928 718 966 etiam
748 939 966 978 superesse.
1011 927 1193 966 consules
1223 938 1361 978 parum
1390 926 1463 965 sibi
1485 937 1502 968 5

34 983 337 1035 videripraesati
367 996 439 1035 pro
469 985 607 1022 merito
639 995 774 1022 eorum
805 995 873 1022 sua
905 995 997 1022 voce
1019 983 1243 1022 conlaudari
1270 996 1357 1028 eos,
1389 983 1465 1022 nisi

36 1040 209 1079 universi
232 1047 361 1091 patres
383 1041 429 1079 iis
451 1041 490 1079 in
508 1039 614 1079 curia
634 1041 774 1091 gratias
797 1040 980 1090 egissent,
1003 1040 1114 1090 sequi
1137 1039 1175 1078 in
1200 1046 1376 1078 senatum
1400 1052 1467 1079 eos

36 1095 249 1136 iusserunt.
300 1103 458 1135 senatus
489 1108 603 1146 quam
627 1102 778 1147 poterat
803 1096 1106 1134 honoratissimo
1129 1095 1284 1135 decreto
1306 1097 1462 1135 adlocu-
1484 1108 1502 1138 6

37 1158 101 1192 tus
123 1165 188 1191 eos
210 1152 365 1191 mandat
385 1152 638 1201 consulibus,
671 1158 716 1191 ut
736 1152 781 1192 ad
804 1152 994 1204 populum
1018 1164 1083 1192 eos
1105 1153 1393 1204 producerent,
1428 1160 1465 1191 et

36 1208 139 1248 inter
167 1208 287 1248 multa
317 1208 389 1248 alia
419 1209 638 1260 praeclara,
672 1221 770 1260 quae
801 1209 896 1260 ipsis
928 1209 1221 1260 maioribusque
1251 1210 1332 1249 suis
1354 1222 1466 1261 prae-

35 1307 227 1351 geschehen
252 1308 354 1350 kann,
381 1318 407 1341 s.
434 1310 489 1351 26,
518 1311 570 1346 15,
596 1311 635 1351 33
662 1310 716 1349 22,

36 1356 90 1394 50,
104 1356 140 1390 ὃς
168 1353 325 1386 walnrend
350 1353 446 1387 beide
461 1354 596 1387 Classen
612 1354 715 1386 durch

35 1401 149 1431 omnis
181 1408 374 1432 zusammen
407 1399 533 1442 gerasst
567 1399 714 1432 werden.

34 1443 167 1477 Andere
193 1444 394 1477 verbinden:
423 1445 512 1476 idem
537 1455 606 1477 soc.
622 1455 714 1477 cons.

35 1491 150 1522 omnis
175 1493 238 1522 etc.
264 1489 332 1532 vgl.
358 1491 390 1531 8,
416 1491 448 1531 6,
473 1491 504 1523 8.
525 1508 568 1513 -
594 1491 715 1522 urbem

36 1533 76 1568 R.
101 1534 161 1567 mit
186 1534 364 1578 Emphase,
389 1545 415 1570 s,
446 1536 473 1574 1,
501 1536 531 1575 3,
556 1538 589 1569 9.

79 1578 138 1614 10.
167 1582 262 1614 1-2.
288 1581 430 1612 hortari
453 1584 486 1612 et
510 1591 551 1622 c.,
576 1579 711 1623 vgl.23,

34 1626 89 1664 25,
115 1626 147 1659 2.
162 1644 206 1649 —-
228 1625 452 1658 decessissent
466 1645 492 1648 —
515 1628 716 1666 mittantur,

35 1671 90 1711 39,
117 1671 170 1711 26,
200 1672 257 1704 12:
283 1672 315 1702 si
335 1690 373 1712 -,
402 1672 463 1712 qui
488 1670 663 1702 dedissent
680 1690 716 1710 -‚

34 1716 166 1755 velint,·
190 1716 243 1756 22,
270 1716 325 1756 32,
350 1717 368 1749 S
396 1726 426 1747 u.
443 1726 473 1748 o.
491 1734 529 1738 —
551 1726 716 1748 verecun-

35 1760 144 1801 diam,
169 1762 373 1801 23,4‚6.—
390 1760 500 1798 facer.
528 1771 636 1802 ugera,
663 1762 717 1800 22,

37 1808 90 1847 11,
116 1806 154 1839 2:
181 1809 304 1847 ageret
326 1805 549 1848 faceretque,
575 1810 613 1838 ut
637 1817 654 1838 e
679 1817 716 1838 re

33 1850 178 1894 publica
205 1851 359 1892 duceret,
384 1853 438 1890 24,
467 1852 517 1891 14,
538 1853 575 1888 5;
602 1851 716 1894 ngS,

36 1898 68 1936 4,
97 1897 158 1934 12;
195 1896 259 1929 wie
292 1896 341 1928 oft
371 1896 404 1928 in
437 1896 715 1939 publicistischen

35 1940 190 1975 Formeln
215 1945 255 1974 uc
275 1941 359 1974 fehlt
372 1941 438 1974 und
452 1951 617 1984 synoyme
630 1943 716 1975 Aus-

33 1986 161 2020 driicke
185 1985 379 2019 verbunden
414 1986 564 2025 werden;
599 1997 715 2029 agere,

37 2031 92 2064 die
105 2031 301 2074 Tliatigkeit
325 2031 384 2064 aus
397 2036 503 2065 etwas
518 2032 657 2074 richten,
682 2032 714 2064 in

38 2075 234 2119 Thatigkeit
258 2077 345 2115 sein;
375 2077 496 2116 facere
520 2077 580 2110 mit
603 2077 716 2120 Erfolg

36 2121 146 2163 thiitig
179 2122 262 2154 sein.
286 2140 330 2145 ——
355 2123 481 2164 ecquid
510 2122 650 2156 braucht
681 2122 715 2155 L.

35 2166 124 2200 auch
149 2166 213 2199 wie
237 2177 374 2210 nonne,
399 2178 453 2200 ne.
477 2187 522 2192 -
546 2168 715 2208 formula,

35 2211 93 2246 die
106 2210 277 2253 Urkunde,
296 2212 329 2245 in
343 2212 489 2246 welches
502 2213 716 2247 verzeichnet

0 2279 1 2282 η
38 2266 121 2296 war,
146 2265 218 2289 was
232 2256 285 2289 die
299 2257 435 2291 Colonie
453 2268 518 2291 von
543 2258 618 2291 dem
631 2260 714 2292 rom.

36 2300 155 2336 Staate
181 2300 299 2334 erhielt
322 2302 390 2335 und
415 2313 485 2336 was
508 2303 638 2337 sieihm
659 2303 713 2336 da-

38 2346 91 2380 siir
114 2357 156 2380 zu
189 2346 308 2380 leisten
333 2347 439 2386 hatte;
475 2348 629 2392 speciell:
663 2348 716 2382 die

38 2391 273 2434 Bestimmung
284 2391 342 2424 der
349 2392 572 2436 Contingente
585 2408 591 2432 ;
602 2393 717 2427 solche

38 2436 218 2476 formulae
241 2436 358 2471 hatten
383 2437 447 2471 alle
465 2439 524 2473 lat.
538 2439 717 2473 Colonieen

39 2483 94 2524 22,
120 2484 174 2522 57,
203 2484 259 2521 10,
285 2481 470 2516 Mommsen
495 2485 527 2525 2,
552 2486 630 2518 351.

87 2529 186 2562 3—5.
209 2537 275 2570 pro
306 2527 351 2560 im
386 2527 528 2570 Namen,
563 2529 716 2572 Austrag,

39 2572 105 2606 wie
129 2583 196 2616 pro
222 2573 382 2616 collegio,
408 2575 440 2615 4,
459 2575 513 2613 44,
536 2575 583 2607 12.
598 2593 640 2598 —
656 2577 716 2606 im—

785 1320 904 1351 peror.
931 1309 1006 1341 vell.
1034 1308 1097 1341 wie
1123 1308 1143 1351 ξ
1170 1311 1206 1342 2;
1241 1309 1374 1352 gebiete
1398 1308 1465 1341 und

786 1353 959 1387 wiinsche.
974 1373 1013 1377 —
1031 1358 1063 1385 et
1083 1365 1127 1385 an
1145 1358 1199 1395 et„
1226 1358 1259 1386 et
1282 1354 1468 1397 entspricht

786 1409 915 1441 neque,·
941 1401 1044 1431 etiam
1071 1398 1190 1441 gehbrt
1213 1410 1254 1431 zu
1276 1410 1466 1441 superesse,

787 1446 839 1483 28,
870 1446 920 1485 18,
944 1447 962 1478 5
984 1454 1015 1476 u.
1032 1454 1061 1476 a.
1085 1455 1212 1486 parum
1227 1455 1356 1476 :non
1381 1447 1467 1476 salis*

785 1509 811 1512 -
827 1500 892 1530 pro
917 1492 1054 1530 met-ito,
1080 1489 1139 1521 auf
1157 1488 1210 1523 die
1227 1489 1395 1532 Negation
1410 1489 1467 1522 be-

785 1534 873 1567 zieht
898 1534 969 1568 sich
995 1537 1066 1566 nisi
1080 1551 1123 1563 =
1141 1545 1240 1568 wenn
1255 1534 1346 1567 nicht
1363 1534 1466 1572 auch3

787 1580 845 1613 der
876 1589 982 1622 ganze
1008 1578 1111 1613 Senat
1144 1580 1307 1613 vielmehr
1338 1582 1466 1615 misse:

787 1627 857 1657 nisi
889 1625 963 1666 ftigt
994 1625 1079 1658 nach
1103 1636 1233 1666 pat-um
1266 1629 1373 1658 etwas
1407 1625 1466 1658 das

787 1670 1022 1712 gewolinliche
1052 1670 1141 1703 Mass
1175 1670 1466 1703 Ueberschreiten-

786 1714 845 1748 des
879 1714 926 1748 als
960 1714 1153 1748 Ausnahme
1178 1725 1238 1756 an,
1271 1716 1325 1755 33,
1350 1717 1403 1755 54,
1428 1717 1464 1749 9:

786 1770 913 1802 parum
950 1761 1060 1798 fuisse
1100 1770 1169 1792 non
1213 1760 1359 1792 laudari
1400 1771 1465 1801 pro

787 1808 912 1838 rostris
926 1805 961 1837 P.
980 1805 1192 1844 Africanum
1208 1810 1288 1848 post
1308 1810 1466 1845 mortem,

787 1853 857 1882 nisi
881 1852 985 1882 etiam
1011 1854 1263 1890 aecusaretur;
1288 1853 1318 1892 6,
1338 1852 1390 1891 40,
1408 1852 1463 1887 18;

786 1898 840 1937 42,
872 1899 902 1937 4,
935 1898 972 1934 6;
1006 1895 1074 1938 vgl.
1107 1906 1235 1937 parum
1261 1915 1304 1919 —-
1330 1906 1467 1938 quoque

787 1943 841 1982 38,
866 1943 918 1982 14,
936 1943 984 1974 11.
1003 1960 1040 1964 —
1054 1941 1224 1983 praesuli,
1251 1940 1466 1983 gewohnlicll

786 1986 839 2019 die
863 1986 1056 2028 Einleitung
1087 1997 1127 2019 zu
1153 1986 1245 2019 einer
1268 1986 1360 2019 Rede
1385 1985 1466 2019 oder

785 2032 893 2064 einem
924 2031 1124 2071 Bescliluss,
1156 2042 1182 2064 s.
1209 2035 1238 2071 3,
1264 2034 1319 2071 45,
1347 2033 1378 2069 1;
1406 2033 1463 2069 33;

790 2079 840 2116 12,
856 2080 1014 2110 3.—eos
1040 2077 1124 2109 nach
1144 2079 1252 2108 senat.
1281 2075 1466 2109 fehltviell.

786 2123 845 2154 mit
871 2122 977 2155 Recht
1010 2123 1042 2154 in
1076 2121 1133 2154 der
1161 2120 1217 2164 Sp.
1254 2120 1332 2154 Hds.
1363 2120 1404 2154 da
1437 2124 1465 2153 is

786 2166 871 2201 auch
897 2166 984 2200 dann
1011 2166 1097 2200 noch
1123 2165 1263 2199 ftinfmal
1289 2166 1404 2200 bleibt.

831 2215 930 2247 6—7.
957 2213 1119 2245 honorat.
1146 2212 1251 2253 decr.,
1281 2211 1349 2254 vgl.
1376 2214 1408 2251 6,
1433 2214 1463 2251 6,

787 2259 824 2291 8ε
852 2259 1025 2290 honorato
1051 2276 1078 2281 -
1105 2258 1279 2299 obsequio,
1305 2258 1335 2297 3,
1356 2257 1464 2299 35,2;

786 2313 822 2336 es
848 2302 930 2335 wird
945 2303 996 2335 ein
1012 2302 1173 2335 lobendes
1188 2301 1466 2335 Senatusconsult

787 2348 874 2389 (eine
888 2347 1133 2387 Dankadresse)
1159 2347 1369 2390 vorgelesen,
1392 2347 1463 2389 vgl.

789 2394 854 2426 Cic.
881 2392 966 2426 Sest.
993 2396 1025 2434 4,
1055 2394 1107 2430 10;
1140 2391 1223 2424 Phil.
1255 2394 1303 2434 14,
1332 2394 1371 2426 14
1397 2392 1464 2424 und

788 2438 840 2472 die
866 2438 1020 2471 ahnliche
1038 2438 1144 2471 Scene
1170 2439 1289 2478 5,7‚5.
1317 2457 1358 2461 —
1382 2448 1464 2480 pro-

788 2484 879 2525 duc„
905 2495 931 2516 c.
949 2485 979 2523 ἲ,
997 2484 1051 2523 11;
1084 2482 1114 2514 in
1142 2481 1268 2515 diesem
1292 2481 1383 2515 Falle
1407 2493 1462 2515 um

786 2528 860 2561 dem
897 2527 1002 2560 Volke
1035 2527 1254 2570 Gelegenheit
1285 2537 1324 2560 zu
1355 2527 1462 2570 geben

785 2574 877 2607 seine
902 2571 1128 2606 Dankbarkeit
1152 2583 1192 2606 zu
1216 2572 1399 2616 bezeugen.
1420 2592 1465 2596 —
