1732 2840
206 94 286 134 200

653 95 776 129 LIBER
801 94 942 128 XXVIII.
991 94 1083 128 CAP.
1111 96 1164 129 29.

1482 111 1508 132 a.
1529 105 1639 135 u.,54S.

206 209 408 251 incitavit?
442 210 736 262 stipendiumne
766 208 902 248 diebus
931 207 1066 260 paucis
1097 208 1331 260 imperatore
1362 220 1478 260 aegro
1509 209 1634 248 serius

208 273 453 308 numeratum
477 267 568 306 satis
590 266 706 318 digna
723 278 837 305 causa
859 265 944 313 fuit,
968 277 1038 304 cur
1059 264 1205 316 patriae
1227 264 1452 304 indiceretis
1474 264 1632 312 bellum,

208 337 278 364 cur
299 324 345 363 ad
367 324 553 375 Ilergetes
582 323 850 363 descisceretis
880 334 899 361 a
922 322 1069 374 populo
1090 320 1266 360 Romano
1280 352 1289 367 ,
1321 334 1392 361 cur
1413 320 1510 360 nihil
1541 321 1636 360 divi-

168 387 187 419 3
209 393 347 420 narum
378 380 687 420 humanarumve
708 391 840 419 rerum
877 378 1103 418 inviolatum
1125 377 1233 416 vohis
1266 377 1396 418 esset?
1432 378 1635 418 insanistis

207 437 397 489 profecto,
419 437 582 485 milites,
612 449 685 476 nec
707 436 829 476 maior
850 435 889 474 in
914 447 1058 487 corpus
1080 447 1210 474 meum
1232 435 1288 473 vis
1309 435 1433 474 morbi
1457 446 1572 486 quam
1594 435 1634 473 in

165 500 185 532 4
205 499 352 534 vestras
373 499 526 533 mentes
553 493 704 533 invasit.
745 493 882 532 horret
909 492 1062 531 animus
1092 491 1260 539 referre,
1284 491 1378 542 quid
1400 491 1638 530 credideriut

206 551 400 597 homines,
425 551 517 602 quid
540 550 795 602 speraverint,
819 549 910 601 quid
934 548 1174 601 optaverint:
1198 548 1346 587 auferat
1368 548 1495 587 omnia
1518 548 1634 587 inrita

168 614 186 646 5
208 607 363 655 oblivio,
387 608 418 647 si
441 612 591 659 potest,
614 607 645 646 si
669 619 772 655 non,
796 612 1009 657 utcumque
1031 604 1229 644 silentium
1258 610 1372 656 tegat.
1415 617 1495 644 non
1519 617 1636 655 nega-

206 665 326 703 verim
348 663 499 703 tristem
522 670 772 715 atrocemque
793 662 901 701 vobis
932 662 1051 701 visam
1074 662 1290 701 orationem
1313 674 1456 701 meam:
1491 668 1635 712 quanto

208 721 366 760 creditis
386 721 484 760 fac-ta
508 727 631 760 vestra
661 720 852 759 atrociora
883 731 967 758 esse
997 730 1111 770 quam
1143 718 1242 758 dicta
1275 716 1390 757 mea?
1421 724 1459 756 et
1489 729 1551 756 me
1581 730 1637 765 ea,

208 790 307 828 quae
329 777 486 826 fecistis,
510 777 590 829 pati
611 789 746 816 aecum
770 775 958 823 censetis;
981 787 1047 814 vos
1070 787 1119 814 ne
1145 775 1220 814 dici
1244 775 1399 827 quidem
1423 774 1553 813 omnia
1574 786 1638 813 ae-

167 839 185 871 6
208 847 285 885 quo
308 834 437 873 animo
461 834 588 873 fertis!
621 834 687 873 sed
710 847 760 873 ne
782 846 824 872 ea
856 833 1014 883 quidem
1046 831 1129 883 ipsa
1158 831 1258 870 ultra
1281 830 1636 883 exprobrabuntur.

207 891 356 930 utinam
378 896 454 930 tam
476 891 588 930 facile
610 903 676 929 vos
699 889 981 929 obliviscamini
1004 900 1161 937 eorum,
1185 900 1299 939 quam
1324 900 1394 939 ego
1417 887 1634 926 obliviscar.

166 953 183 985 7
206 947 334 998 itaque
357 947 461 999 quod
491 947 537 987 ad
558 948 763 987 universos
790 958 857 984 vos
887 946 1043 993 attinet,
1075 944 1107 984 si
1138 944 1283 984 erroris
1315 944 1510 996 paenitet,
1545 943 1637 983 satis

208 1016 407 1055 superque
437 1017 654 1055 poenarum
688 1003 824 1043 haheo.
868 1002 1002 1041 Albius
1026 1001 1192 1041 Calenus
1222 1007 1259 1040 et
1281 1001 1412 1041 Atrius
1433 1000 1581 1040 Umber
1602 1006 1641 1039 et

207 1060 327 1099 ceteri
350 1061 519 1099 nefariae
542 1060 745 1100 seditionis
768 1067 948 1099 auctores
970 1058 1161 1109 sanguine
1186 1058 1315 1103 luent,
1345 1058 1449 1109 quod
1472 1057 1637 1097 admise-

166 1122 185 1155 8
205 1122 319 1163 runt;
342 1117 450 1156 vobis
472 1116 655 1169 supplicii
678 1128 814 1155 eorum
837 1114 1102 1168 spectaculum
1126 1127 1204 1153 non
1222 1114 1337 1153 modo
1356 1126 1436 1154 non
1453 1113 1637 1153 acerbum

208 1174 276 1213 sed
297 1173 439 1212 laetum
464 1174 590 1222 etiam,
614 1173 645 1212 si
668 1186 759 1212 sana
780 1185 892 1211 mens
908 1171 1035 1220 rediit,
1060 1170 1174 1210 debet
1195 1183 1299 1211 esse:
1325 1170 1371 1209 de
1394 1170 1512 1210 nullis
1534 1170 1637 1209 enim

208 1242 322 1282 quam
346 1230 392 1269 de
413 1229 521 1269 vobis
542 1230 723 1269 infestius
745 1235 811 1269 aut
832 1228 1029 1268 inimicius
1051 1227 1378 1267 consuluerunt.“

208 1320 262 1359 25,
277 1319 304 1351 2
320 1318 538 1360 —stz'pend.‚
565 1318 701 1361 Polyab
728 1318 806 1361 ἐμοὶ
831 1315 888 1360 δη-

208 1360 330 1397 λονότι
356 1344 690 1417 ὃῑσηοεστήσασθε,
716 1360 810 1397 διότι
827 1362 890 1396 τὰς

207 1411 392 1453 σιταρχίας
416 1405 501 1452 ὑμῖν
525 1405 588 1441 οὐκ
613 1405 811 1441 ἀπεδίδονν
826 1413 889 1442 etc.

205 1473 250 1478 —
275 1454 368 1486 nihil
392 1454 423 1486 d.
451 1455 483 1486 Ιι.
510 1465 578 1486 ter.
616 1464 641 1487 s.
665 1457 696 1495 5,
714 1456 768 1495 24,
787 1456 823 1492 9,
851 1465 890 1486 ve

208 1499 272 1531 wie
306 1501 357 1542 10,
408 1501 478 1540 ,8;
514 1509 569 1532 cm
604 1499 748 1531 deorum
781 1500 889 1531 homi-

207 1554 398 1631 nu72n—ve‚1{
426 1548 454 1584 1,
484 1547 513 1585 1,
540 1547 574 1582 7;
605 1555 680 1577 zum
707 1543 889 1577 Gedanken

208 1600 234 1622 c.
291 1602 297 1622 a

254 1636 351 1668 3-8
379 1634 571 1677 Folgerung
595 1643 655 1666 aus
682 1634 781 1666 allem
807 1634 889 1667 Vor-

207 1679 313 1727 herg„
343 1679 396 1713 die
421 1679 479 1712 auf
501 1689 529 1713 c.
555 1680 609 1721 27,
635 1681 654 1713 6
680 1679 889 1722 zuriickgeht

206 1720 275 1757 u'nd
311 1725 375 1758 den
408 1724 609 1768 Uebergang
642 1735 716 1757 zum
751 1723 889 1758 Schluss

208 1769 228 1812 ξ
253 1772 341 1804 4-8
368 1769 481 1803 bildet.
508 1789 551 1793 —
578 1770 699 1802 hor-zet
727 1773 790 1803 etc.
824 1770 889 1803 wie

208 1815 347 1859 Vergil„
371 1814 453 1848 Tac.
479 1815 517 1847 H.
544 1818 576 1856 4,
603 1817 655 1855 58,
680 1815 749 1857 vgl
777 1817 809 1857 7,
834 1817 889 1857 40,

209 1861 239 1893 9.
268 1871 425 1902 -ερεν,
453 1863 538 1901 opt„
570 1870 597 1892 c.
623 1861 677 1895 27
703 1863 733 1893 5.
759 1870 889 1892 ——au-

207 1904 285 1946 fer„
304 1905 363 1938 das
377 1906 448 1948 Asy
451 1904 575 1937 ndeton
589 1905 669 1937 heht
683 1903 747 1938 den
761 1904 890 1947 Gegen-

209 1954 299 1984 satz·
326 1949 480 1983 dennoch
505 1949 569 1983 soll
593 1960 629 1982 es
643 1959 727 1983 usw
765 1951 889 1991 zurita,

207 1995 428 2039 proleptisch,
458 1994 575 2028 sodass
601 2005 636 2028 es
662 1993 807 2037 nichtig‚
840 1994 889 2027 als

208 2040 301 2073 nicht
337 2040 529 2084 geschehen
571 2039 749 2073 erscheint.
783 2059 826 2063 —
859 2041 892 2071 si

207 2089 278 2129 pot.
314 2086 383 2119 und
407 2088 440 2118 si
464 2096 554 2126 non,
587 2096 619 2119 n.
646 2084 786 2124 auferri
810 2084 890 2117 oder

209 2131 301 2171 fieri,
328 2130 397 2174 vgl.
413 2134 443 2170 5,
459 2132 512 2171 35,
527 2132 558 2170 6,
582 2129 703 2163 anders
726 2132 776 2171 10,
790 2131 843 2172 23,
860 2131 890 2163 8.

209 2195 252 2254 ᾗ
262 2178 534 2254 ssawata·
548 2174 751 2254 {7¹:333}
763 2175 892 2253 {5353

390 2247 397 2262 ,
515 2248 521 2253 .
884 2246 891 2252 .

209 2285 254 2290 -
280 2268 409 2307 omnia,
443 2265 670 2309 vollstandig,
702 2266 734 2298 in
765 2265 890 2299 seinem

210 2321 337 2354 ganzen
351 2311 526 2354 Umfange.
541 2331 584 2335 —
599 2310 720 2350 fertis:
734 2311 784 2343 ihr
798 2310 893 2344 wollt

210 2356 318 2398 nicht,
352 2356 410 2389 der
434 2356 565 2389 Redner
590 2355 721 2389 scheint
745 2355 887 2389 Zeichen

210 2401 269 2434 der
292 2401 589 2434 Unzusriedenheit
614 2401 666 2434 bei
692 2400 755 2433 den
780 2400 888 2433 Zuho-

210 2455 284 2478 rern
318 2451 613 2479 vorauszusetzen.
640 2464 682 2471 —
709 2457 751 2478 ne
784 2457 823 2477 ea
857 2457 887 2488 q.

212 2494 288 2533 ipsa
314 2491 402 2523 kann
421 2491 490 2524 sich
510 2491 602 2524 nicht
615 2491 681 2524 wol
696 2490 754 2523 auf
769 2493 887 2523 omnia

211 2535 387 2573 beziehen,
418 2536 562 2569 sondern
596 2535 678 2580 geht
709 2535 768 2568 aus
789 2535 888 2575 facta

962 1322 1076 1350 vestra
1093 1320 1156 1349 etc.
1174 1315 1309 1358 zurfick,
1335 1314 1495 1349 wahrend
1514 1314 1572 1347 der
1585 1314 1642 1347 da-

960 1362 1130 1396 zwischen
1156 1360 1319 1395 stehende
1344 1360 1423 1393 Satz
1449 1360 1497 1393 als
1518 1359 1641 1393 Paren-

960 1408 1055 1442 these
1080 1417 1121 1439 zu
1146 1406 1341 1450 betrachten
1360 1406 1420 1439 ist:
1447 1405 1553 1439 selbst
1571 1405 1642 1446 das,

960 1464 997 1486 so
1030 1452 1192 1496 griisslich
1223 1462 1259 1485 es
1292 1451 1356 1493 ist,
1393 1450 1456 1484 soll
1490 1470 1515 1474 -
1550 1450 1644 1484 nicht

960 1509 1045 1532 usw.
1106 1497 1217 1537 nicht,
1258 1496 1323 1530 wie
1359 1506 1435 1529 man
1476 1500 1641 1528 erwarten

959 1543 1104 1576 k6nnte:
1137 1552 1172 1574 es
1204 1542 1268 1574 soll
1293 1541 1378 1574 euch
1403 1540 1496 1574 nicht
1521 1541 1643 1574 einmal

958 1587 1193 1632 vorgeworsen
1226 1587 1373 1620 werden.
1399 1605 1441 1610 -
1473 1586 1642 1627 oblivisc„

960 1634 1029 1667 Pol.
1057 1644 1085 1666 c.
1110 1634 1163 1686 29,
1192 1634 1249 1666 12:
1285 1629 1341 1664 διὸ
1367 1627 1466 1676 κᾶγω
1491 1630 1558 1663 νῦν
1583 1633 1644 1664 καὶ
1702 1641 1708 1644 ·

960 1677 1093 1713 πάντες
1117 1676 1151 1710 Οἱ
1174 1676 1412 1722 ποθεσῒῶτεὲ
1443 1676 1507 1709 τοῦ
1537 1687 1642 1722 στοα-

959 1720 1114 1757 τοπέδου
1150 1742 1193 1747 -
1230 1725 1356 1755 πίστιν
1393 1719 1540 1764 δίδομεν
1579 1716 1639 1766 ἐφ

961 1767 989 1811 ᾧ
1013 1767 1063 1811 μὴ
1089 1765 1389 1826 μνησικακήσεινς
1425 1768 1512 1810 App.
1545 1777 1572 1800 c.
1600 1768 1642 1800 36

959 1813 1174 1858 ἀμνηστίαν.
1188 1815 1390 1853 —e71·07·is‚
1417 1823 1445 1846 c.
1472 1813 1526 1853 32,
1545 1813 1583 1849 3;
1609 1813 1641 1853 4,

960 1859 1062 1892 milde
1088 1857 1327 1901 Bezeichnung
1359 1857 1417 1890 des
1449 1856 1643 1899 Vergehens

960 1905 992 1937 in
1009 1904 1122 1946 Bezug
1148 1903 1384 1943 ausc.27,12‚
1410 1912 1465 1934 um
1490 1901 1544 1935 die
1557 1901 1642 1934 Ver-

962 1949 1107 1991 zeihung
1132 1958 1173 1981 zu
1198 1947 1408 1981 motivieren.
1436 1964 1474 1970 -
1503 1949 1590 1979 satis
1613 1958 1641 1980 s.

962 2014 989 2017 -
1010 1994 1129 2033 liabeo,
1156 1994 1187 2033 3,
1213 1995 1268 2033 67,
1294 1994 1329 2031 3;
1357 1993 1477 2033 29,18,
1497 1994 1553 2026 15:
1579 1992 1643 2024 llas

961 2039 1025 2071 dea
1049 2048 1182 2081 poenas
1208 2038 1321 2080 habet,
1346 2037 1466 2070 anders
1492 2039 1523 2079 4,
1544 2039 1595 2077 14.
1610 2039 1642 2079 6,

957 2093 1109 2162 [poenam
1133 2085 1296 2115 meritam
1327 2084 1476 2122 habere,-
1513 2085 1562 2124 10,
1586 2084 1642 2124 40,

965 2131 1014 2163 3.
1028 2129 1227 2170 -Ιαεταπι,
1254 2127 1332 2161 Tac.
1358 2129 1446 2161 Ann.
1476 2130 1505 2168 1,
1522 2130 1583 2161 44:
1611 2131 1644 2160 et

958 2173 1143 2216 gaudebat
1157 2173 1320 2206 caedibus
1334 2174 1444 2211 miles,
1463 2176 1642 2215 tamquam

959 2222 1066 2252 semet
1090 2219 1209 2251 absolz
1203 2223 1294 2251 eret.
1308 2238 1352 2242 —
1370 2218 1411 2250 de
1429 2217 1539 2250 nullis
1563 2221 1641 2260 etc„

960 2264 1034 2298 Pol.
1049 2274 1077 2298 c.
1087 2265 1141 2305 29,
1151 2266 1186 2297 3:
1208 2262 1372 2305 κολάζειν
1390 2258 1517 2296 αὐτοὺς
1533 2244 1644 2302 ἀξίως

960 2312 1020 2341 καὶ
1044 2309 1122 2342 τῶν
1146 2309 1193 2342 εἰς
1216 2307 1284 2351 τὴν
1309 2305 1468 2355 πατρίδα
1485 2309 1544 2340 καὶ
1561 2308 1642 2341 τῶν

961 2354 1007 2387 εἰς
1023 2353 1112 2397 ἡμᾶς
1129 2350 1403 2400 ἡμαοτημένων.
1430 2353 1626 2386 consuluer.
1620 2378 1641 2394 .,

959 2410 985 2433 s.
1002 2401 1054 2440 30,
1070 2401 1124 2441 43,
1142 2402 1192 2434 13.
1203 2386 1323 2433 —Die
1338 2399 1430 2432 Rede
1455 2398 1518 2431 soll
1539 2398 1640 2431 nach-

958 2445 1106 2487 weisen,
1133 2444 1210 2478 dass
1235 2444 1310 2485 der,
1346 2444 1379 2477 in
1405 2445 1486 2476 rom.
1514 2443 1640 2476 Heeren

958 2489 1016 2522 der
1052 2490 1207 2523 fritheren
1241 2490 1314 2523 Zeit
1349 2490 1414 2522 fast
1450 2488 1641 2526 unerhfirte,

958 2534 1133 2575 Ausstand,
1146 2545 1266 2579 wegen
1277 2535 1397 2568 dessen
1408 2533 1521 2577 Scipio
1530 2533 1645 2567 schars
