1732 2840
0 112 46 147 ⁰1³⁵st
73 127 99 152 ι,
120 119 160 147 cn
192 120 249 146 204.

6 231 45 261 cre-
73 222 258 262 Maiorem
288 222 404 273 igitur
435 222 509 260 iam
539 234 618 261 rem
648 222 801 274 Syphax
823 229 949 269 ratus,
981 235 1095 274 quam
1118 228 1159 261 ut
1182 233 1250 273 per
1272 222 1489 273 praefectos
1511 224 1560 261 33

534 108 655 141 LIBER
680 107 792 141 xxix.
840 108 932 142 CAP.
958 110 1010 143 33.

1437 105 1488 143 77

9 275 45 318 Ma-
73 285 217 330 ageret,
235 291 322 318 cum
339 278 417 318 filio
434 279 570 317 iuvene
588 301 627 305 ——
655 292 795 318 nomen
815 279 991 318 Vermina
1011 286 1089 318 erat
1110 301 1153 305 —
1177 284 1283 329 parte
1301 279 1492 318 exercitus

0 334 44 374 uin·
75 335 191 375 missa
208 336 383 386 imperat,
407 342 447 374 ut
469 335 734 374 circumducto
756 336 909 385 agmine
932 336 969 374 in
994 348 1033 375 se
1056 336 1248 374 intentum
1272 335 1422 374 hostem
1444 335 1490 375 ab

0 389 46 440 pieta
74 397 184 443 tergo
214 392 376 431 invadat.
420 399 532 430 nocte
554 393 753 443 profectus
777 392 975 438 Vermina,
1008 391 1073 443 qui
1097 404 1139 430 ex
1164 391 1315 430 occulto
1337 392 1491 442 adgres-
1512 399 1531 431 2

75 460 190 488 surus
221 455 321 495 erat;
354 448 507 500 Syphax
537 455 665 487 autem
696 450 862 487 interdiu
884 455 1018 500 aperto
1040 448 1197 495 itinere,
1220 454 1261 486 ut
1283 448 1348 500 qui
1370 449 1491 499 signis

76 504 240 544 conlatis
260 505 341 543 acie
362 505 614 544 dimicaturus
646 514 766 552 esset,
790 506 905 544 movit
928 512 1064 544 castra.
1106 505 1170 544 ubi
1194 511 1348 556 tempus
1369 505 1490 544 visum
1513 513 1532 545 3

75 567 154 607 est,
177 573 254 613 quo
278 563 498 613 pervenisse
520 562 594 600 iam
615 561 870 600 circummissi
891 562 1008 600 videri
1034 568 1224 613 poterant,
1250 568 1288 600 et
1310 561 1392 612 ipse
1414 562 1491 601 leni

75 617 172 656 clivo
195 618 343 657 serente
364 619 409 657 ad
432 619 602 665 hostem,
634 631 719 657 cum
743 619 990 658 multitudine
1012 619 1131 657 fretus
1152 625 1233 657 tum
1257 619 1493 669 praeparatis

75 674 122 713 ab
153 680 262 725 tergo
293 675 462 719 insidiis,
493 687 562 726 per
592 674 793 714 adversum
825 682 996 714 montem
1027 681 1192 713 erectam
1223 674 1344 713 aciem
1374 675 1491 714 ducit.

75 730 273 770 Masinissa
287 731 449 769 maxime
464 730 537 769 loci
551 731 701 776 fiducia,
720 744 797 783 quo
810 731 931 770 multo
947 731 1129 782 aequiore
1142 738 1385 783 pugnaturus
1401 738 1493 778 erat,
1514 739 1533 769 4

77 792 114 825 et
143 787 225 838 ipse
257 787 396 837 derigit
425 799 529 825 suos.
571 794 678 826 atrox
711 787 899 839 proelium
923 794 960 826 et
982 788 1047 826 diu
1069 800 1212 839 anceps
1235 787 1301 826 suit
1319 818 1327 834 ,
1349 787 1434 826 loco
1458 794 1494 826 et

73 842 215 882 virtute
236 843 403 882 militum
427 844 685 889 Masinissam,
709 844 970 891 multitudine,
994 857 1091 896 quae
1115 844 1233 882 nimio
1256 844 1378 882 maior
1399 850 1492 892 erat,

76 898 292 951 Syphacem
323 900 488 939 iuvante.
531 913 571 939 ea
603 901 808 939 multitudo
839 902 976 948 divisa,
1008 913 1095 939 cum
1126 913 1215 952 pars
1236 913 1255 939 a
1278 901 1406 939 fronte
1429 913 1491 939 ur·
1515 908 1532 938 5

75 962 204 1006 geret,
233 969 323 1008 pars
352 956 398 996 ah
423 965 529 1007 tergo
560 970 601 996 se
632 957 964 1004 circumfudisset,
996 956 1194 996 victoriam
1216 958 1314 995 baud
1337 957 1493 995 dubiam

77 1011 243 1064 Syphaci
262 1013 377 1060 dedit,
401 1020 438 1051 ct
461 1026 510 1051 ne
527 1013 711 1064 effugium
731 1015 884 1065 quidem
908 1013 1061 1065 patebat
1082 1013 1174 1052 hinc
1194 1026 1213 1051 a
1237 1014 1379 1059 fronte,
1402 1014 1494 1052 hinc

73 1069 122 1107 ab
140 1075 249 1119 tergo
267 1069 440 1108 inclusis.
477 1069 605 1121 itaque
623 1071 738 1108 ceteri
758 1071 906 1121 pedites
923 1070 1150 1121 equitesque
1168 1069 1267 1108 caesi
1284 1077 1350 1108 aut
1371 1071 1492 1121 capti3
1515 1075 1533 1107 6

28 1150 38 1158 -
75 1126 265 1164 ducentos
285 1126 405 1164 ferme
427 1127 575 1177 equites
596 1126 794 1165 Masinissa
816 1127 916 1165 circa
938 1138 977 1164 se
999 1126 1251 1176 conglobatos
1275 1126 1494 1178 divisosque

30 1215 36 1224 .
72 1182 271 1221 turmatim
299 1182 337 1220 in
362 1182 431 1221 tris
451 1183 569 1234 partis
592 1195 796 1234 erumpere
818 1183 944 1231 iubet,
966 1182 1051 1221 loco
1075 1182 1270 1234 praedicto
1285 1212 1294 1230 ,
1316 1182 1355 1221 in
1378 1195 1493 1234 quem

76 1250 121 1276 ex
143 1238 323 1289 dissipata
341 1238 592 1277 convenirent
617 1239 718 1289 fuga.
760 1239 864 1291 ipse,
896 1252 969 1290 qua
998 1240 1228 1285 intenderat,
1248 1239 1349 1277 inter
1370 1240 1494 1278 media
1514 1246 1532 1277 7

27 1303 35 1310 ·
76 1293 150 1333 tela
186 1295 353 1333 hostium
387 1295 523 1342 evasit3
562 1296 659 1333 duae
692 1301 839 1334 turmae
871 1296 1049 1334 haesere:
1086 1295 1203 1334 altera
1235 1303 1340 1334 metu
1369 1296 1493 1334 dedita

74 1350 189 1398 hosti,
211 1351 447 1403 pertinacior
468 1352 506 1390 in
529 1353 784 1403 repugnando
807 1352 892 1390 telis
913 1351 1049 1390 obruta
1073 1358 1109 1390 et
1132 1352 1281 1390 confixa
1303 1358 1371 1390 est.
1403 1351 1495 1390 Ver·
1515 1359 1534 1391 8

119 1458 181 1496 33.
209 1463 305 1495 1-3.
330 1465 497 1494 maiorem
526 1480 551 1484 -
576 1463 666 1501 iam,
691 1461 749 1494 der

75 1504 175 1549 Krieg
208 1506 330 1539 bereits
360 1505 587 1538 bedeutender
618 1517 749 1549 gewor-

75 1551 157 1592 den,
175 1551 244 1593 vgl.
271 1552 322 1590 27,
350 1553 402 1593 39,
425 1553 462 1584 7:
490 1554 582 1582 iuter
606 1554 750 1583 mitiora

76 1599 159 1628 iam.
185 1615 228 1619 —-
252 1598 289 1627 in
314 1607 368 1637 se,
402 1606 510 1638 gegen
540 1596 603 1628 den
629 1596 748 1638 Kenig,

77 1640 231 1683 obgleich
257 1645 323 1674 erst
349 1651 408 1673 aus
438 1641 513 1673 dem
547 1641 626 1683 folg.
652 1641 751 1674 Satze

78 1685 217 1727 erheltt,
247 1685 324 1719 dass
349 1686 458 1719 dieser
491 1697 530 1718 an
557 1686 615 1719 der
639 1685 751 1730 Spitze

77 1731 136 1764 des
154 1731 274 1764 Heeres
300 1731 401 1765 steht.
417 1751 460 1755 —
474 1743 519 1763 ea:
544 1742 626 1771 oce„
656 1734 750 1771 1,13,

80 1778 108 1808 1.
123 1795 165 1799 —-
180 1776 335 1817 adgress.
352 1788 412 1816 etz,
430 1776 487 1808 der
506 1796 523 1799 —
542 1776 652 1818 sollte,
667 1776 751 1809 dazu

77 1820 250 1853 bestimmt
269 1830 355 1864 war;
381 1820 499 1854 anders
519 1822 752 1854 dimicaturus

78 1870 174 1899 esset.
190 1870 286 1898 —ut
311 1868 383 1907 qui,
408 1876 435 1899 s.
462 1876 488 1899 e.
510 1868 540 1907 6,
557 1869 593 1905 ῖς
620 1869 673 1906 24,
694 1869 750 1905 12;

79 1912 132 1950 32,
159 1913 194 1949 8;
220 1911 289 1953 vgl.
318 1914 347 1951 1,
371 1913 428 1951 49,
452 1914 482 1945 3.
507 1930 550 1935 —
573 1922 683 1954 perv.¹
710 1922 751 1945 an

78 1955 142 1989 den
167 1956 379 1989 bestimmten
394 1956 518 1997 Punkt,
542 1967 569 1989 s.
585 1958 639 1997 22,
657 1959 708 1998 18,
722 1959 752 1990 2.

78 2020 123 2026 —
147 2003 258 2033 visum
283 2021 308 2024 —
334 2001 455 2040 videri,
485 2012 511 2035 s.
539 2012 567 2036 c.
595 2004 648 2043 30,
675 2004 693 2036 3
712 2003 751 2039 f.;

80 2047 134 2087 26,
158 2047 213 2085 44,
240 2048 268 2079 1.
294 2064 334 2070 —-
362 2048 553 2087 clrcumm„
586 2058 614 2079 c.
642 2049 694 2088 30,
721 2049 752 2081 8.

81 2091 161 2132 leni,
187 2092 219 2130 6,
243 2091 297 2131 24,
326 2093 359 2123 1:
386 2091 472 2123 lenis
498 2093 540 2123 ab
568 2096 666 2134 tergo
693 2092 753 2124 cli-

20 2161 27 2167 .
79 2146 143 2168 vus
173 2139 266 2176 erat,
299 2137 351 2175 25,
378 2138 430 2177 36,
456 2139 487 2170 6.
513 2156 555 2160 -
579 2148 644 2180 per
676 2138 753 2170 adv.

79 2184 200 2220 mont„
226 2179 288 2213 den
303 2182 654 2223 entgegenstehenden
670 2183 755 2225 Berg

81 2225 239 2268 enssang,
276 2225 395 2266 hinan,
431 2226 548 2268 gehfirt
584 2238 625 2261 zu
664 2238 755 2260 erec-

82 2274 153 2302 tam
178 2280 204 2303 s.
230 2280 258 2303 c.
284 2271 338 2311 32,
362 2272 399 2308 7;
426 2272 457 2312 9,
483 2273 516 2313 3,
542 2275 577 2306 1:
601 2284 666 2315 per
692 2273 752 2305 ad-

80 2325 182 2348 versa
206 2318 376 2347 montium
411 2326 549 2358 eamn-55
580 2317 613 2351 in
639 2318 753 2361 Bezug

81 2359 200 2393 darauf
221 2360 304 2403 solgt
329 2364 362 2392 et
385 2363 468 2402 ipse.

127 2407 226 2439 4-6.
261 2407 442 2448 aequiore,
476 2406 669 2449 gfinstiger,
701 2409 754 2448 25,

85 2452 138 2490 13,
164 2452 219 2491 14,
249 2451 293 2484 ist
326 2451 356 2482 in
391 2449 455 2482 den
481 2450 668 2485 Nebensatv,
696 2462 753 2495 ge-

82 2505 203 2538 zogen,
225 2505 251 2528 s.
276 2497 307 2537 9,
333 2497 386 2533 26,
402 2497 433 2529 4.
448 2514 491 2520 —
506 2496 628 2539 der-ig„
654 2507 679 2530 s.
700 2499 754 2537 22,

85 2541 282 2581 19,11.—
306 2543 414 2573 nimio
448 2551 507 2582 m.‚
537 2551 563 2574 s.
599 2544 626 2584 1,
660 2544 692 2584 2,
717 2545 754 2580 33

819 1463 849 1501 2,
863 1464 915 1499 37,
931 1464 962 1495 4.
978 1481 1020 1485 —
1035 1472 1074 1493 ea
1091 1462 1189 1495 mult.
1211 1462 1292 1502 div„
1317 1461 1376 1494 der
1389 1461 1495 1495 Nach-

819 1507 923 1539 druck
959 1507 1041 1549 liegt
1072 1507 1130 1540 aus
1160 1508 1271 1539 divisa
1303 1518 1330 1539 c.
1356 1509 1410 1545 32,
1441 1510 1493 1540 1οε

819 1552 878 1585 der
891 1551 1053 1585 Umstand
1079 1552 1156 1585 dass
1183 1562 1277 1591 uSW„
1304 1562 1339 1584 es
1357 1552 1420 1585 soll
1438 1562 1494 1584 an-

821 1597 981 1640 gedeutet
1006 1596 1140 1630 werden
1159 1597 1245 1630 ohne
1263 1597 1354 1630 diese
1369 1597 1495 1630 Anord-

822 1653 914 1685 nung
950 1642 1066 1675 Masin.
1104 1642 1188 1674 doch
1236 1642 1325 1675 viell.
1367 1643 1496 1685 gesiegt

823 1688 933 1724 hatte;
960 1687 1017 1720 der
1042 1687 1229 1729 Gegensatz
1256 1687 1298 1720 ist
1325 1687 1417 1719 nicht
1443 1688 1497 1720 be-

823 1732 986 1765 zeichnet.
1012 1751 1055 1756 —-
1082 1735 1280 1772 turmatim,
1312 1732 1392 1773 jede
1429 1732 1496 1764 Ab·

822 1777 974 1819 theilung
992 1776 1104 1810 zerfiel
1129 1777 1161 1808 in
1187 1777 1336 1810 metirere
1352 1777 1497 1810 Turmen

821 1822 1091 1860 Schwadronem
1118 1822 1275 1864 fibrigens
1300 1822 1389 1855 steht
1408 1822 1498 1855 nicht

821 1867 929 1901 sowol
956 1868 1183 1909 conglobatos
1218 1868 1266 1900 als
1300 1868 1497 1910 divisosque

822 1917 885 1946 etc.
911 1913 943 1944 in
959 1912 1151 1955 Beziehung
1176 1923 1216 1945 zu
1236 1923 1416 1951 erumpere
1433 1917 1497 1946 etc.

821 1977 864 1982 -—
891 1958 965 1990 Ioco
992 1968 1058 1997 pr„
1086 1958 1171 2000 App.
1188 1958 1260 1990 Ι.Ι.;
1287 1953 1392 1990 αὐτὸς
1415 1954 1498 1991 ὑπε-

822 2001 999 2048 κρύπτετό
1032 2015 1111 2041 ποι,
1149 2005 1250 2046 μέχρι
1286 2001 1499 2035 συνέλθοιεν

825 2045 925 2089 αὐτῷ
959 2068 974 2070 -
1003 2049 1036 2080 ές
1060 2046 1102 2080 τὸ
1127 2050 1367 2092 συγκείμενον.
1393 2067 1430 2070 -
1455 2058 1499 2079 ea:

825 2094 946 2135 dissip.
972 2092 1074 2134 fuga,
1099 2094 1152 2129 28,
1179 2094 1419 2134 20‚8.—qua
1445 2095 1497 2124 in-

826 2138 928 2177 tend„
961 2139 1020 2170 auf
1049 2137 1123 2170 dem
1150 2137 1270 2179 Wege,
1306 2137 1364 2170 der
1395 2137 1497 2177 Seite,

825 2193 878 2216 wo
909 2193 944 2216 er
977 2183 1218 2225 beabsicbtigt,
1251 2182 1304 2215 die
1330 2182 1498 2225 Richtung

825 2238 1025 2271 genommen
1050 2227 1161 2265 hatte;
1187 2237 1222 2260 es
1248 2226 1331 2259 wird
1350 2227 1498 2269 weniger

825 2273 885 2306 das
910 2273 979 2306 Ziel
1010 2273 1221 2313 bezeichnet,
1256 2281 1325 2304 was
1355 2283 1421 2314 quo
1448 2282 1497 2305 er-

822 2322 950 2352 warten
965 2318 1075 2357 liesse,
1093 2328 1119 2350 s.
1134 2329 1162 2350 c.
1179 2320 1232 2359 30,
1245 2320 1276 2356 6,
1291 2317 1361 2360 vgl.
1375 2319 1429 2358 30,
1444 2318 1498 2358 32,

824 2365 860 2401 8ς
892 2366 919 2405 1,
944 2365 998 2403 27,
1023 2365 1058 2402 6;
1085 2364 1497 2404 8,36‚9;10,14,4u.a.

870 2410 969 2442 7-8.
994 2410 1087 2440 inter·
1110 2418 1154 2440 m.
1175 2412 1206 2446 t.‚
1238 2409 1377 2447 1,53,7.
1415 2408 1496 2440 hae-

823 2465 914 2494 sere,
944 2453 1092 2486 konnten
1120 2452 1211 2484 nicht
1235 2451 1496 2495 durchbrechen,

824 2508 850 2532 s.
865 2499 918 2539 22,
932 2501 964 2539 5,
979 2501 1016 2532 5:
1043 2498 1107 2530 alii
1125 2516 1148 2520 —
1166 2498 1272 2540 globo
1297 2497 1393 2529 illati
1417 2498 1497 2529 hae-

824 2544 957 2576 rebant.
971 2562 1014 2567 -—
1028 2545 1260 2585 pertinacior,
1286 2546 1368 2576 statt
1381 2543 1496 2575 altera
