1732 2840
190 119 269 160 106

649 122 769 154 LIBER
795 121 895 154 XXX.
943 122 1036 156 CAP.
1063 125 1093 156 S.
1121 124 1150 156 9.

1455 141 1480 160 a.
1502 127 1536 160 u.'
1548 135 1607 160 551.

188 250 277 289 gna,
300 238 339 276 in
362 237 542 276 subsidiis
564 236 718 275 triarios
739 235 960 283 constituit;
985 237 1196 287 equitatum
1214 236 1389 276 Italicum
1411 237 1457 276 ab
1475 237 1610 277 dextro

149 300 168 333 6
188 307 311 334 cornu
325 324 333 340 ,
355 294 400 332 ab
424 293 528 331 laevo
550 292 735 331 Numidas
764 292 1082 344 Masinissamque
1103 294 1299 346 opposuit.
1341 293 1496 346 Syphax
1517 293 1613 333 Has-

188 351 401 401 drubalque
433 349 606 388 Numidis
626 350 808 387 adversus
829 348 1005 388 Italicum
1027 350 1262 401 equitatum,
1284 350 1614 401 Carthaginiensi-

189 408 263 446 bus
291 412 425 445 contra
454 406 695 445 Masinissam
718 405 872 451 locatis,
905 405 1120 444 Celtiberos
1148 407 1187 445 in
1210 407 1374 446 mediam
1405 408 1526 446 aciem
1547 407 1613 446 ad-

149 472 166 503 7
189 476 322 502 versus
342 463 450 513 signa
471 462 669 513 legionum
687 474 885 514 accepere.
928 462 978 501 ita
1000 462 1179 502 instructi
1196 471 1448 503 concurrunt.
1485 463 1611 516 primo

189 521 336 571 impetu
353 519 468 558 simul
485 526 649 571 utraque
666 531 811 558 cornua
829 526 866 557 et
881 518 1069 558 Numidae
1084 526 1121 558 et
1138 519 1474 571 Carthaginienses
1490 520 1613 572 pulsi:

190 589 278 616 nam
297 589 424 627 neque
440 576 641 624 Numidae,
664 576 826 615 maxima
844 588 934 627 pars
947 582 1130 626 agrestes,
1148 575 1366 615 Romanum
1385 577 1613 629 equitatum,

189 646 317 685 neque
339 633 700 683 Carthaginienses,
729 639 766 672 et
788 632 871 684 ipse
894 645 1018 671 novus
1034 632 1166 679 miles,
1196 633 1437 672 Masinissam
1467 632 1615 672 recenti

149 697 167 730 8
188 702 306 742 super
324 696 450 729 cetera
467 690 626 728 victoria
643 689 855 728 terribilem
877 689 1110 728 sustinuere.
1152 690 1293 729 nudata
1309 689 1507 742 utrimque
1529 702 1617 729 cor-

190 747 306 786 nibus
328 746 566 785 Celtiberum
589 746 689 785 acies
711 745 845 793 stabat,
868 746 971 797 quod
994 758 1065 785 nec
1087 746 1125 784 in
1149 746 1237 797 fuga
1260 747 1364 786 salus
1384 746 1461 786 ulla
1485 753 1615 786 osten-

189 803 351 842 debatur
371 803 467 842 locis
489 803 653 854 ignotis,
687 816 812 854 neque
834 815 923 854 spes
944 803 1077 841 veniae
1098 802 1144 841 ab
1167 803 1352 855 Scipione
1375 811 1477 851 erat,
1499 814 1616 854 quem

190 860 290 899 bene
312 860 493 899 meritum
516 860 561 898 de
584 872 625 898 se
648 866 684 898 et
701 866 815 910 gente
837 872 904 898 sua
928 859 1209 898 mercennariis
1237 860 1354 899 armis
1375 859 1415 898 in
1447 859 1614 898 Africam

151 924 170 957 9
190 923 460 968 oppugnatum
482 918 688 955 venissent.
729 916 848 966 igitur
877 916 1124 955 circumfusis
1145 916 1318 968 undique
1347 916 1524 955 hostibus
1553 915 1616 955 alii

191 986 308 1025 super
337 973 433 1012 alios
454 974 636 1012 cadentes
667 973 856 1011 obstinate
879 972 1167 1021 moriebantur3
1199 972 1459 1024 omnibusque
1479 973 1519 1011 in
1551 984 1618 1011 eos

189 1030 310 1069 versis
323 1030 564 1081 aliquantum
581 1030 626 1068 ad
649 1030 776 1080 sugam
795 1029 982 1081 temporis
1004 1029 1157 1081 Syphax
1175 1037 1211 1068 et
1227 1029 1444 1068 Hasdrubal
1461 1041 1618 1081 praece·

191 1093 347 1138 perunt.
369 1087 546 1137 fatigatos
563 1086 679 1125 caede
696 1086 842 1125 diutius
859 1099 973 1137 quam
988 1098 1119 1137 pugna
1137 1086 1301 1125 victores
1318 1098 1396 1124 nox
1411 1085 1618 1138 oppressit.

146 1147 169 1183 9

190 1250 362 1286 αστάτων
387 1257 540 1306 σημαίας
565 1256 681 1294 (signa
699 1271 742 1282 =
768 1253 871 1285 Mani-

192 1299 270 1342 pel),
297 1299 356 1332 ἐπὶ
383 1295 422 1331 δὲ
438 1296 587 1331 ταύταις
603 1297 666 1331 τὰς
678 1299 754 1331 τῶν
769 1310 870 1344 πριγ-

191 1347 321 1398 κιῊπων
339 1342 545 1377 ’τελευταίας
562 1341 599 1376 ὃ
620 1346 794 1385 ἐπεστησε
810 1356 869 1375 κα-

191 1388 301 1423 τόπιν
328 1391 568 1430 (ιήεηῠειωιίιιε)
596 1387 656 1422 τὰς
679 1389 756 1422 τῶι
773 1401 870 1435 τρια-

192 1438 293 1480 (nam,
320 1435 387 1477 vgl.
415 1444 443 1468 c.
469 1437 522 1472 32,
554 1437 601 1468 11.
628 1454 670 1458 —
697 1421 869 1467 hastator.

192 1483 308 1522 prima
333 1491 372 1520 s.‚
399 1479 480 1512 kurz
505 1484 564 1513 st.:
601 1479 710 1512 hinter
743 1479 806 1512 den
836 1479 869 1512 in

193 1531 298 1558 erster
323 1525 413 1557 Linie
438 1525 621 1558 stehenden
649 1525 782 1557 Fahnen
813 1524 870 1557 der

193 1570 297 1610 Hast.‚
332 1570 360 1602 d.
388 1571 418 1603 h.
446 1571 575 1603 welche
609 1570 662 1603 die
695 1570 752 1602 der
778 1569 869 1603 Hast.

194 1625 306 1648 waren
334 1615 430 1648 oder:
461 1616 589 1648 welche
616 1615 677 1648 den
706 1615 742 1648 H.
769 1625 870 1657 ange-

193 1661 330 1698 hortem
364 1662 534 1693 hastator.
569 1662 612 1694 ist
646 1660 737 1693 nicht
768 1661 869 1703 genit.

194 1707 356 1749 partitiv.,
390 1707 460 1749 vgl.
485 1708 538 1746 37,
566 1708 620 1746 39,
645 1708 682 1739 8:
715 1707 869 1738 hastato-

194 1762 274 1784 rum
296 1754 413 1793 prima
431 1754 547 1793 signa,
574 1752 653 1784 dein
666 1753 871 1793 principum

195 1801 308 1829 erant.
340 1816 382 1820 —
417 1808 437 1828 a
471 1797 596 1829 deam-o
633 1801 709 1836 etc,
743 1807 809 1829 von
843 1815 870 1819 -

194 1842 263 1882 her,
283 1842 342 1883 ab3
369 1842 442 1874 wir:
471 1843 529 1874 auf
544 1842 618 1874 dem
633 1842 781 1884 rechten,
808 1841 871 1873 wie

195 1898 216 1919 a
245 1892 342 1928 largo
368 1898 400 1919 u.
427 1888 466 1928 a.‚
493 1887 562 1929 vgl.
588 1889 642 1924 21,
668 1890 722 1927 55,
748 1889 784 1925 2;
819 1886 871 1918 die

195 1932 349 1974 Stellung
362 1932 553 1964 chiastisch.
566 1951 609 1955 —
625 1932 799 1972 Italicum,
813 1930 870 1963 der

196 1979 349 2019 grossere
374 1976 470 2009 Theil
496 1977 554 2009 der
578 1976 722 2009 Reiterei
757 1976 871 2009 wurde

196 2022 324 2054 damals
357 2022 460 2054 schon
495 2032 562 2054 von
588 2022 651 2054 den
682 2021 871 2063 Bundesge-

196 2078 316 2100 nossen
343 2067 487 2109 gestent.
505 2087 550 2091 -—
567 2067 733 2100 Numidis
748 2086 773 2090 -—
790 2066 871 2099 Car-

198 2114 487 2153 thaginiensibus,
514 2113 597 2145 nach
616 2113 770 2155 spateren
789 2111 872 2151 Hss.,

197 2158 321 2190 ebenso
347 2160 384 2189 in
409 2158 561 2190 mediam
587 2169 652 2196 ac„
687 2168 740 2190 wo
766 2159 803 2188 in
827 2157 871 2188 im

197 2202 271 2235 Put.
297 2203 392 2245 fehlt,
418 2203 457 2235 da
477 2203 512 2237 L.
538 2207 633 2236 sonst
659 2205 693 2234 in
719 2202 872 2234 medium

198 2250 358 2290 accipere
389 2252 480 2291 sagt,
515 2259 540 2281 s.
575 2250 629 2289 21,
661 2250 715 2290 46,
742 2250 772 2286 5,
804 2246 872 2289 vgl.

197 2304 225 2327 e.
252 2296 305 2332 34,
332 2295 369 2331 8;
404 2295 456 2332 28,
487 2295 537 2333 14,
562 2295 600 2333 9;
631 2295 687 2331 13;
722 2293 872 2324 mediam

198 2341 307 2370 aciem
333 2340 421 2371 ware
446 2339 600 2382 Apposit.
626 2349 667 2371 zu
683 2338 871 2371 Celtiberos

197 2383 263 2415 und
294 2383 420 2416 konnte
451 2388 539 2417 etwa
572 2383 756 2422 andeuten,
794 2382 872 2415 dass

197 2427 294 2460 keine
319 2428 463 2462 anderen
478 2429 635 2472 Truppen
654 2429 686 2461 in
705 2428 780 2461 dem
795 2427 870 2459 Mit-

198 2472 362 2505 teltreffen
399 2473 582 2517 gestanden
623 2473 754 2514 hatten,
792 2472 872 2505 oder

197 2517 260 2549 den
275 2517 354 2550 Sinn
380 2519 487 2552 haben
514 2524 554 2551 ut
577 2519 691 2550 media
713 2521 805 2550 acies
823 2529 872 2549 es-

197 2566 281 2594 sent.
300 2581 343 2586 —-
362 2564 527 2596 adver-sus
551 2566 654 2606 signa
680 2563 765 2596 nach
782 2562 874 2595 Mad-

307 1142 466 1181 Postero
485 1143 545 1181 die
557 1142 688 1194 Scipio
698 1142 870 1181 Laelium
882 1143 1202 1194 Masinissamque
1220 1155 1308 1182 cum
1325 1143 1430 1181 omni
1443 1141 1618 1181 Romano

940 1254 1015 1296 vig;
1041 1253 1094 1285 die
1121 1253 1192 1287 hds.
1219 1253 1332 1286 Lesart
1358 1256 1394 1285 in
1421 1253 1569 1286 adversa
1589 1264 1616 1286 s.

938 1297 1066 1331 konnte
1092 1303 1213 1341 gesagt
1237 1299 1308 1331 sein
1336 1299 1399 1331 wie
1425 1309 1451 1331 e.
1479 1301 1533 1339 34,
1561 1300 1617 1332 13:

939 1346 976 1375 in
1001 1343 1190 1375 secundam
1216 1345 1352 1384 (aciem)
1382 1345 1617 1385 pugnabant.-

937 1391 1028 1429 (zum
1064 1388 1215 1432 Kampse)
1249 1398 1357 1431 gegen
1384 1408 1411 1412 -
1442 1389 1618 1431 gerichtet‚

939 1435 1007 1477 vgl.
1043 1436 1059 1466 7
1103 1435 1153 1474 12,
1184 1435 1238 1472 12;
1271 1435 1302 1471 9,
1328 1435 1359 1474 3,
1386 1435 1423 1472 2;
1458 1433 1536 1467 aber
1561 1433 1620 1466 der

939 1478 1116 1512 Ausdruck
1143 1480 1231 1511 wale
1250 1479 1523 1520 ungewohnlich,
1547 1478 1618 1521 vgl.

940 1525 1058 1566 Polyb.
1085 1534 1115 1577 (ι,
1135 1526 1164 1565 8,
1183 1526 1218 1557 7.
1246 1521 1468 1577 Κελτίβηρας
1493 1525 1619 1567 μέσους

939 1569 1073 1609 ἔταξαν
1097 1564 1238 1602 ἀντίους
1251 1571 1329 1602 ταῖς
1340 1569 1419 1602 τῶν
1430 1566 1619 1612 Ρωμαίων

940 1618 1112 1660 σπείραις.
1161 1614 1268 1648 Ueber
1293 1614 1346 1648 die
1371 1617 1475 1656 signa
1510 1615 1617 1657 legio—

940 1671 1023 1693 num
1049 1670 1075 1693 s.
1102 1661 1156 1701 28,
1187 1662 1235 1700 14,
1265 1661 1315 1693 10.

985 1729 1084 1760 ἰ’-9.
1111 1731 1271 1769 utraque,
1306 1738 1332 1760 c.
1360 1728 1413 1769 27,
1439 1728 1492 1769 22,
1519 1728 1549 1761 2.
1574 1746 1619 1752 —-

939 1775 1098 1805 maxima
1122 1784 1156 1815 p.
1183 1776 1325 1814 agr-est„
1350 1782 1377 1806 s.
1405 1783 1434 1805 c.
1455 1774 1559 1815 24,9;
1586 1774 1618 1815 3,

940 1820 976 1857 9;
1003 1819 1035 1859 9,
1061 1820 1116 1858 37,
1143 1820 1180 1851 9:
1215 1818 1305 1850 alios
1335 1819 1562 1850 semisomnos
1592 1838 1618 1841 -

939 1866 1134 1895 maximam
1159 1867 1296 1904 ραν-[67η
1321 1863 1368 1894 ad
1392 1873 1493 1894 arma
1512 1864 1618 1905 trepi-

941 1908 1082 1947 dantes‚·
1112 1909 1164 1949 39,
1190 1910 1220 1948 2,
1246 1909 1282 1941 3:
1318 1909 1426 1939 ceteri
1457 1907 1561 1948 effusi
1585 1911 1618 1940 et

940 1954 1098 1985 mamma
1122 1963 1207 1994 pars
1233 1954 1382 1984 inermes
1418 1962 1448 1984 u.
1476 1962 1517 1994 a.‚
1548 1952 1617 1996 vgl.

941 2000 995 2035 27.
1024 1999 1074 2037 12,
1100 1999 1137 2035 ὃς
1164 2007 1204 2029 zu
1231 1998 1262 2037 9,
1280 1998 1508 2037 24‚12.—et
1532 1999 1618 2040 ipse,

942 2043 1018 2076 weil
1050 2042 1201 2076 derselbe
1236 2041 1364 2084 Begriff
1390 2043 1423 2074 in
1461 2047 1618 2085 agrestes

941 2089 1033 2131 liegt.
1060 2107 1103 2111 ——
1128 2098 1234 2129 super
1258 2091 1332 2129 cet„
1358 2097 1384 2120 s.
1411 2089 1537 2129 c.1,6;
1563 2089 1618 2132 21,

942 2136 995 2172 31,
1024 2135 1081 2171 1·2;
1108 2134 1161 2175 38,
1188 2134 1242 2173 43,
1272 2135 1285 2166 1
1313 2143 1345 2166 u.
1371 2142 1457 2165 a.—
1475 2132 1619 2166 Celtibe-

942 2189 1032 2219 rum,
1057 2180 1110 2220 24,
1138 2179 1191 2218 49,
1216 2180 1251 2214 7;
1280 2180 1333 2219 34,
1363 2180 1414 2217 17,
1439 2180 1470 2212 4.
1491 2198 1533 2202 -
1560 2181 1619 2211 ob-

941 2227 1070 2256 stinate
1094 2233 1194 2263 mora,
1221 2224 1274 2265 37,
1301 2224 1355 2264 32,
1381 2225 1418 2257 5:
1445 2224 1618 2257 obstinate

942 2271 1158 2308 restiterunt,
1184 2278 1210 2301 s.
1235 2278 1265 2301 c.
1296 2269 1347 2310 15,
1366 2269 1402 2301 8:
1428 2268 1616 2312 impavide.

941 2334 983 2338 —
1000 2324 1214 2356 praeceper„
1240 2323 1428 2356 gewannen
1447 2313 1520 2347 Zeit
1543 2324 1619 2347 vor·

942 2360 998 2392 her
1022 2369 1063 2391 zu
1088 2358 1269 2392 entssiehen
1287 2357 1354 2390 und
1372 2368 1409 2391 so
1424 2359 1521 2392 einen
1535 2358 1618 2392 Vor-

942 2414 1079 2448 sprung,
1105 2404 1173 2447 vgl.
1203 2405 1231 2445 1,
1257 2405 1287 2444 7,
1316 2405 1343 2436 1.

986 2470 1113 2505 9-10.
1140 2471 1272 2514 Angriff
1286 2470 1346 2503 aus
1359 2470 1412 2503 die
1426 2470 1535 2503 Flotte
1559 2469 1617 2504 der

941 2516 1077 2594 Ξξὲιῗεὲς
1105 2516 1223 2595 {³2olyb.
1242 2517 1347 2558 14‚9;
1374 2516 1460 2559 App.
1487 2525 1515 2548 c.
1535 2517 1578 2550 24
1592 2515 1616 2548 f.
