1732 2840
158 116 238 154 134

595 117 715 150 LIBER
741 117 841 150 XXX.
890 117 982 152 CAP.
1013 120 1063 152 19.
1089 119 1143 152 20.

1427 135 1452 155 a.
1473 135 1500 155 u.
1521 130 1579 155 551.

97 239 133 271 11
155 233 237 272 lum
252 239 470 277 cernentes,
487 231 674 270 defecere.
708 231 808 269 idem
826 231 963 270 consul
981 243 1069 270 cum
1085 232 1303 271 Hannibale
1319 232 1358 271 in
1376 244 1469 282 agro
1487 231 1581 271 Cro-

156 289 325 328 toniensi
353 288 433 327 acie
463 287 650 326 conflixit.
693 287 856 326 obscura
889 288 970 326 eius
998 300 1154 339 pugnae
1184 289 1283 327 fama
1306 294 1383 335 est;
1407 288 1581 328 Valerius

159 346 292 384 Antias
323 345 496 395 quinque
525 344 643 383 millia
672 344 846 382 hostium
878 356 987 383 caesa
1017 345 1094 391 ait3
1119 357 1216 396 quae
1238 351 1341 384 tanta
1362 357 1425 384 res
1447 352 1516 389 est,
1538 351 1582 384 ut

97 408 135 441 12
157 409 222 441 aut
238 401 484 453 impudenter
500 401 588 439 ficta
611 400 659 439 sit
674 406 739 439 aut
756 400 1008 452 neglegenter
1032 401 1313 453 praetermissa.
1355 401 1452 440 nihil
1479 408 1582 441 certe

157 459 255 497 ultra
278 457 332 496 rei
355 457 393 496 in
415 457 524 496 Italia
547 457 593 496 ab
616 457 832 496 Hannibale
855 463 1031 508 gestum;
1056 469 1145 496 nam
1166 458 1212 496 ad
1237 470 1326 497 eum
1349 470 1506 510 quoque
1527 457 1581 497 le-

157 515 234 565 gati
264 513 310 552 ab
333 513 564 565 Carthagine
592 520 773 552 vocantes
804 514 843 552 in
867 513 1035 553 Africam
1063 515 1111 553 iis
1132 514 1231 553 forte
1253 514 1411 561 diebus,
1441 514 1582 566 quibus

157 572 201 610 ad
224 570 439 620 Magonem,
460 577 661 609 venerunt.

87 628 138 664 20

272 627 473 666 Frendens
503 639 739 678 gemensque
769 639 813 665 ac
843 626 903 664 vix
932 626 1101 665 lacrimis
1122 633 1346 678 temperans
1367 627 1508 665 (licitur
1528 626 1583 665 le-

115 689 135 721 2
157 691 334 735 gatorum
355 683 468 723 verba
491 684 654 722 audisse.
697 689 904 735 postquam
928 683 1027 722 edita
1048 689 1139 722 sunt
1159 684 1355 729 mandata,
1377 683 1480 731 „iam
1502 695 1582 722 non
1601 715 1603 718 ,

156 740 367 793 perplexe“
390 740 532 792 inquit,
553 740 645 787 „sed
668 740 792 792 palam
815 745 1018 784 revocant,
1051 740 1116 790 qui
1145 740 1308 779 vetando
1330 739 1584 792 supplemen-

116 803 136 835 3
155 805 237 836 tum
270 803 305 836 et
334 797 538 849 pecuniam
561 797 662 835 mitti
684 796 758 835 iam
780 796 930 848 pridem
951 797 1167 836 trahebant.
1207 797 1298 835 vicit
1318 808 1410 847 ergo
1434 795 1582 835 Hanni-

156 853 280 892 balem
316 866 395 892 non
431 853 602 905 populus
630 853 850 899 Romanus.
889 853 1031 892 totiens
1063 865 1196 892 caesus
1226 853 1480 904 fugatusque,
1517 853 1582 892 sed

115 916 134 947 4
155 917 312 949 senatus
334 910 689 961 Charthaginiensis
721 909 1002 948 obtrectatione
1032 915 1147 961 atque
1169 909 1321 948 invidia.
1363 922 1491 961 neque
1510 911 1583 949 hac

156 967 398 1006 deformitate
419 967 566 1005 reditus
587 967 662 1005 mei
684 973 761 1005 tam
781 966 824 1005 P.
848 966 979 1018 Scipio
1002 966 1187 1005 exultabit
1209 971 1324 1018 atque
1346 966 1477 1004 efferet
1500 978 1584 1005 sese

157 1036 272 1075 quam
295 1023 456 1071 Hanno,
487 1023 553 1075 qui
582 1024 739 1062 domum
771 1030 964 1070 nostram,
995 1023 1150 1074 quando
1180 1023 1250 1061 alia
1279 1035 1321 1061 re
1342 1035 1421 1061 non
1445 1022 1584 1074 potuit,

116 1080 139 1117 5'
155 1080 269 1119 ruina
290 1079 532 1130 Carthaginis
564 1079 799 1131 oppressit“.
842 1080 915 1118 iam
937 1080 1012 1118 hoc
1034 1079 1162 1131 ipsum
1183 1079 1432 1131 praesagiens
1453 1079 1583 1118 animo

156 1142 449 1188 praeparaverat
481 1143 570 1175 ante
602 1148 729 1174 naves.
771 1136 903 1187 itaque
924 1135 1053 1174 inutili
1074 1136 1243 1175 militum
1266 1136 1379 1174 turba
1401 1135 1583 1187 praesidii

157 1194 286 1244 specie
316 1193 355 1231 in
388 1192 530 1244 oppida
552 1192 692 1231 Bruttii
713 1192 814 1242 agri,
838 1204 935 1244 quae
957 1205 1078 1244 pauca
1101 1193 1223 1243 magis
1243 1199 1348 1231 metu
1373 1204 1488 1244 quam
1509 1192 1584 1231 fide

157 1249 474 1295 continebantur,
495 1248 649 1287 dimissa
664 1278 673 1293 ,
696 1249 798 1300 quod
821 1248 973 1287 roboris
995 1248 1033 1286 in
1058 1250 1228 1287 exercitu
1251 1255 1332 1287 erat
1353 1248 1391 1287 in
1414 1249 1583 1287 Africam

115 1311 135 1342 6
156 1306 387 1351 transvexit,
416 1304 549 1343 multis
579 1305 701 1344 Italici
724 1305 899 1355 generis,
931 1304 1019 1356 qnia
1041 1305 1080 1343 in
1103 1305 1271 1343 Africam
1293 1311 1496 1343 secuturos
1517 1305 1584 1343 ab·

157 1429 326 1461 civitates.
353 1447 396 1451 —
423 1437 511 1468 agro
540 1426 644 1466 Crot.‚
679 1426 743 1459 wie
778 1428 831 1463 29.

156 1475 210 1513 36,
228 1473 465 1514 4.—impud.
492 1472 530 1511 fl,
556 1472 624 1514 vgl.
651 1473 704 1511 26,
730 1474 783 1512 49,
799 1474 829 1504 3.

156 1537 200 1542 ——
222 1516 309 1561 fieta
339 1519 387 1549 sit
418 1537 444 1540 —
475 1521 662 1559 praeterm.
687 1534 732 1546 =
760 1518 832 1556 fiet.

156 1574 210 1605 pr.
241 1563 403 1605 putanda
433 1565 489 1594 sit.
521 1581 565 1586 --
595 1562 733 1604 negleg.
766 1573 832 1603 7172,

157 1618 224 1641 von
249 1607 312 1640 den
338 1608 477 1650 iibrigen
496 1607 691 1641 Annalisten
719 1617 834 1640 ausser

158 1653 321 1695 Valerius.
338 1671 380 1676 ——
397 1657 510 1685 certe:
535 1653 600 1685 wie
619 1663 653 1685 es
672 1653 756 1685 auch
774 1652 833 1684 da-

157 1699 217 1731 mit
241 1698 358 1731 stehen
383 1708 471 1740 mag,
496 1698 620 1740 gewiss
644 1698 698 1730 ist.
714 1717 756 1721 ——
776 1708 833 1729 υο-

158 1747 287 1784 cantes,
311 1743 364 1776 die
391 1763 414 1766 —
443 1743 584 1783 sollten‚
613 1754 638 1776 s.
666 1745 719 1783 21,
745 1745 775 1783 6,
801 1745 832 1776 2.

157 1808 201 1813 —
225 1791 287 1829 iis,
317 1799 371 1820 wo
403 1798 480 1821 man
514 1789 637 1820 iisdem
667 1791 833 1826 erwartet,

158 1844 183 1866 s.
210 1844 238 1866 c.
264 1835 318 1872 24,
347 1836 379 1874 1;
407 1835 463 1872 38,
487 1835 541 1874 25,
566 1836 599 1866 6.

202 1877 264 1913 20.
292 1881 389 1911 1—4.
416 1878 652 1920 frendensque
670 1889 721 1918 ae,
748 1889 774 1910 s.
794 1888 833 1910 zu

162 1925 190 1963 1,
218 1925 268 1962 19,
298 1925 333 1965 1;
360 1925 391 1962 9,
418 1925 471 1964 31,
501 1925 550 1956 10.
582 1942 625 1946 -
654 1924 834 1964 ρειῬΙεαεε,

158 1968 345 2009 versterkt,
387 1968 446 2000 auf
478 1967 674 2011 Umwegen.
711 1987 750 1991 -
781 1978 835 1998 ve-

160 2014 280 2053 tando,
305 2013 549 2053 iibertreibend,
576 2023 602 2046 s.
629 2015 683 2053 23,
711 2014 761 2053 12,
793 2012 832 2044 da

158 2059 250 2092 seine
276 2059 384 2091 Partei
411 2057 464 2090 die
489 2058 732 2098 herrschende,
757 2058 835 2090 aber

158 2104 250 2136 nicht
275 2103 383 2146 thatig
416 2113 530 2146 genug
561 2113 718 2146 gewesen
753 2113 834 2143 war,

159 2159 185 2182 s.
212 2159 241 2181 c.
267 2151 299 2189 7,
324 2151 354 2181 7.
380 2168 424 2172 —
451 2150 596 2189 trahea„
628 2159 691 2191 zog
720 2149 834 2180 immer

160 2204 201 2226 an
227 2194 299 2233 mir,
325 2194 442 2226 suchte
468 2193 555 2226 mich
581 2204 639 2226 zur
657 2193 835 2226 Riickkehr

160 2250 199 2272 zu
225 2239 405 2281 nothigen3
431 2238 490 2271 das
508 2239 646 2279 Subject
672 2239 751 2281 geht
775 2247 834 2271 aus

158 2288 300 2316 senatus
327 2284 456 2316 hervor.
481 2303 525 2307 —
550 2285 690 2316 obit-eet.
718 2295 749 2316 a.
772 2286 834 2320 in..

158 2329 482 2372 Entgegenarbeiten
532 2338 592 2360 aus
641 2328 834 2371 Missgunst.

159 2373 345 2407 Denselben
377 2373 488 2406 Grund
527 2373 631 2416 geben
672 2384 711 2405 an
745 2374 832 2416 App.

159 2418 263 2451 Hann.
292 2421 348 2456 16;
373 2418 434 2450 Dio
461 2418 553 2451 Cass.
580 2418 665 2460 frag.
692 2421 746 2459 57,
774 2421 830 2456 153

158 2463 239 2495 Zon.
266 2465 296 2503 8,
316 2466 375 2500 26;
402 2465 487 2505 9,2;
513 2463 598 2506 Nep.
626 2464 833 2496 Hann.1.-—

159 2508 303 2547 Hanno,
345 2508 402 2540 der
433 2508 517 2541 noch
549 2510 598 2541 als
630 2509 739 2551 Haupt
776 2507 834 2540 der

159 2552 379 2596 Gegenpartei
394 2557 657 2596 voransgesetzt‚
676 2554 754 2586 aber
767 2563 832 2586 von

901 1426 971 1460 Liv.
998 1426 1110 1467 nieht,
1142 1426 1206 1459 wie
1230 1437 1297 1459 von
1322 1427 1408 1470 App.
1434 1426 1502 1459 Lib.
1529 1428 1583 1467 34,

901 1472 934 1503 in
961 1471 1069 1504 dieser
1094 1472 1166 1504 Zeit
1191 1472 1342 1504 erwahnt
1367 1471 1470 1514 wird,
1501 1482 1529 1505 s.
1555 1482 1583 1505 e.

902 1519 955 1555 44,
983 1518 1019 1553 5;
1047 1527 1087 1548 zu
1113 1527 1140 1549 c.
1166 1518 1221 1556 25,
1248 1519 1277 1550 3.
1303 1536 1347 1540 —
1371 1519 1497 1558 ruina,
1529 1519 1583 1557 26,

950 1609 1050 1640 5-6.
1077 1609 1148 1638 iam
1173 1606 1261 1639 kann
1296 1607 1357 1639 mit
1387 1617 1583 1649 praepara·

904 1655 1006 1683 verat
1029 1651 1224 1684 verbunden
1251 1652 1398 1692 werden,
1427 1652 1583 1695 obgleich

904 1697 992 1729 dann
1034 1696 1087 1729 die
1127 1697 1228 1730 weite
1266 1697 1475 1740 Entfernung

905 1741 1087 1784 Trennung
1111 1752 1178 1774 von
1204 1746 1286 1774 anle
1309 1742 1503 1777 auffallt.—
1519 1744 1583 1775 hoe

904 1790 986 1828 ips„
1020 1789 1099 1829 geht
1134 1787 1192 1819 auf
1219 1787 1282 1820 den
1316 1797 1376 1820 vor
1409 1787 1467 1821 der
1492 1787 1583 1821 Rede

905 1832 1086 1865 Hannibals
1118 1832 1310 1865 erwabnten
1343 1833 1486 1875 Austrag
1525 1832 1583 1865 der

904 1876 1093 1909 Gesandten
1120 1877 1262 1915 zuriick;
1297 1887 1355 1909 zur
1380 1877 1488 1910 Sache
1512 1877 1582 1919 vgl.

904 1924 957 1961 39,
973 1924 1027 1961 51,
1042 1924 1061 1954 4
1077 1922 1096 1955 f.
1111 1932 1291 1963 —71raep.
1319 1932 1352 1955 a.
1378 1933 1472 1959 nav..
1496 1923 1581 1965 App.

904 1977 931 2000 c.
950 1968 1011 2000 58:
1037 1968 1096 1998 καὶ
1120 1967 1207 1999 ναῦς
1232 1964 1413 2011 εἰργάζετο
1439 1965 1581 2007 πολλάς,

904 2008 1049 2051 εὗξύλου
1066 2012 1131 2052 τῆς
1142 2008 1291 2044 Ἰταλίας
1304 2012 1419 2053 οὔσης.
1433 2031 1477 2036 -
1492 2024 1582 2055 quae

903 2068 951 2099 p.,
975 2057 1055 2089 kurz
1081 2063 1139 2090 st.:
1175 2067 1210 2089 es
1245 2066 1356 2090 waren
1390 2057 1491 2090 deren
1520 2068 1582 2091 nur

904 2102 1036 2144 wenige
1061 2101 1127 2134 und
1146 2112 1181 2134 er
1199 2102 1405 2145 behauptete
1422 2103 1470 2135 sie
1488 2103 1582 2136 mehr

904 2157 988 2180 uSW.
1016 2148 1187 2179 eontineb.
1212 2151 1306 2190 passt
1325 2147 1417 2180 mehr
1430 2158 1471 2180 zu
1488 2152 1581 2180 metu

907 2192 955 2225 als
980 2202 1019 2224 zu
1045 2192 1125 2232 fide,
1151 2191 1310 2229 dadurch,
1336 2192 1414 2225 dass
1439 2193 1488 2226 sie
1511 2193 1580 2226 ihm

906 2238 1020 2269 h'atten
1046 2241 1119 2269 treu
1138 2237 1268 2269 bleiben
1284 2237 1419 2279 wollen,
1444 2237 1512 2280 vgl.
1527 2239 1580 2276 39,

906 2284 959 2321 28.
985 2283 1015 2314 2.
1043 2301 1083 2305 —
1111 2283 1286 2323 abnuerat„
1319 2282 1368 2316 sie
1401 2282 1580 2322 erklfirten,

905 2328 982 2360 dass
1008 2327 1055 2359 sie
1080 2346 1107 2350 —
1133 2327 1223 2360 nicht
1248 2337 1333 2361 uSW.
1379 2327 1437 2361 Die
1465 2328 1580 2362 Worte

904 2372 1074 2405 enthalten
1098 2371 1162 2404 den
1181 2372 1291 2405 Grund
1314 2383 1353 2405 zu
1372 2372 1579 2414 interfectae,

903 2417 955 2450 die
969 2417 1072 2459 folgg.
1098 2422 1341 2449 concesserant
1355 2437 1380 2442 -—
1395 2418 1578 2450 delubrum

903 2462 966 2495 den
992 2472 1031 2493 zu
1058 2465 1094 2493 in
1110 2464 1184 2503 ipso
1205 2463 1355 2504 templo:
1380 2462 1578 2501 interfectis

904 2527 931 2530 —
945 2507 1040 2549 quod
1063 2508 1273 2547 abnuebant,
1300 2511 1335 2539 et
1357 2510 1394 2539 in
1408 2510 1484 2549 ipso
1502 2510 1578 2550 qui-

904 2552 979 2584 dem
995 2552 1131 2594 templo,
1158 2555 1240 2594 quia
1256 2563 1293 2584 eo
1312 2557 1580 2593 concesserant,-

1515 1696 1583 1730 und
1625 1726 1630 1731 .
