1732 2840
205 96 284 136 118
634 96 757 129 LIBER
783 94 884 127 XXX.
931 94 1026 129 cAP.
1055 96 1105 129 12.
1134 96 1185 129 13.
1467 111 1494 132 a.
1514 102 1621 132 u.'551.

143 221 183 254 22
204 213 326 253 victus
356 211 495 251 deinde
528 210 710 263 precibus
731 209 955 249 Masinissae
977 209 1144 257 orantis,
1174 214 1217 248 ut
1237 208 1441 248 arbitrium
1456 238 1465 256 ,
1495 208 1623 248 utrius

202 281 338 321 regum
370 269 536 307 duorum
566 268 745 306 fortunae
777 265 946 305 accessio
978 265 1204 317 Sophoniba
1238 272 1360 313 esset,
1391 266 1435 304 ad
1470 264 1623 317 Scipio-

205 339 292 366 nem
314 324 501 372 reiceret,
522 324 641 363 misso
664 323 840 375 Syphace
862 329 900 361 et
920 322 1081 374 captivis
1103 328 1249 361 ceteras
1270 321 1386 361 urbes
1406 321 1623 370 Numidiae,

204 395 301 435 quae
323 380 525 433 praesidiis
547 380 664 431 regiis
684 380 930 427 tenebantur,
952 379 1156 418 adiuvante
1176 378 1377 418 Masinissa
1398 379 1549 430 recipit.

134 440 179 477 13
319 437 533 489 Syphacem
551 437 590 476 in
610 442 732 476 castra
754 436 892 475 adduci
910 448 998 475 cum
1020 442 1121 474 esset
1142 435 1376 482 nuntiatum,
1398 435 1525 474 omnis
1545 434 1625 474 vel-

162 502 180 533 2
202 502 244 534 ut
273 495 319 533 ad
349 494 615 546 spectaculum
644 493 833 545 triumphi
862 492 1068 532 multitudo
1100 492 1219 530 effusa
1250 497 1318 530 est.
1369 491 1625 544 praecedebat

202 552 286 603 ipse
306 551 470 599 vinctus,
493 550 729 602 sequebatur
750 562 843 600 grex
864 549 1054 588 nobilium
1074 548 1341 587 Numidarum.
1382 555 1478 597 tum,
1501 561 1623 600 quan-

200 615 285 647 tum
297 607 461 659 quisque
478 607 689 659 plurimum
707 612 870 659 poterat,
892 605 1151 656 magnitudini
1169 604 1369 656 Syphacis,
1391 605 1513 644 famae
1529 618 1624 656 gen-

162 671 180 703 3
201 665 250 704 tis
277 664 476 703 victoriam
507 676 615 703 suani
643 663 821 714 augendo
851 662 1033 702 addebat:
1070 662 1180 701 illum
1211 674 1295 700 esse
1324 673 1478 712 regem,
1514 662 1626 701 cuius

202 727 354 760 tantum
389 721 580 759 maiestati
617 720 693 759 duo
725 719 985 772 potentissimi
1021 719 1060 757 in
1094 719 1207 757 terris
1235 717 1445 757 tribuerint
1474 718 1625 771 populi,

162 784 181 815 4
202 777 402 816 Romanus
424 777 846 828 Carthaginiensisque,
868 782 911 815 ut
934 775 1079 828 Scipi0,
1101 775 1313 827 imperator
1334 787 1440 823 suuS‚
1462 775 1507 814 ad
1529 775 1625 814 ami-

203 834 333 873 citiam
356 834 439 872 eius
469 835 698 885 petendam,
729 833 863 872 relicta
893 832 1094 884 provincia
1125 832 1332 883 Hispania,
1363 831 1626 883 exercituque,

161 897 180 928 5
202 891 351 930 duabus
373 890 723 942 quinqueremibus
744 890 784 928 in
806 889 976 928 Africam
998 888 1252 939 navigaverit,
1275 887 1505 935 Hasdrubal,
1526 888 1625 928 Poe·

204 960 345 986 norum
366 947 589 998 imperator,
611 959 689 986 non
712 947 794 999 ipse
816 946 931 985 modo
949 946 995 985 ad
1014 957 1101 984 eum
1124 945 1163 984 in
1186 957 1352 995 regnum
1373 945 1536 993 venerit,
1558 946 1626 985 sed

204 1004 316 1042 etiam
349 1003 465 1042 filiam
489 1003 522 1042 ei
554 1011 720 1055 nuptum
751 1003 910 1042 dederit.
951 1002 1134 1042 habuisse
1166 1014 1253 1040 eum
1275 1014 1355 1040 uno
1388 1008 1565 1054 tempore
1585 1002 1625 1041 in

164 1065 183 1097 6
203 1066 394 1112 potestate
416 1060 514 1098 duos
536 1060 805 1112 imperatores,
827 1059 1004 1098 Poenum
1026 1058 1336 1110 Romanumque.
1378 1059 1479 1097 sicut
1500 1058 1547 1097 ab
1569 1059 1628 1098 dis

203 1116 487 1155 immortalibus
508 1129 598 1168 pars
619 1122 785 1168 utraque
814 1116 952 1155 hostiis
980 1115 1193 1154 mactandis
1216 1127 1351 1167 pacem
1373 1115 1546 1167 petisset,
1576 1115 1627 1154 ita

162 1180 179 1212 7
201 1173 248 1212 ab
271 1185 316 1211 eo
338 1173 534 1224 utrimque
564 1173 708 1224 pariter
739 1172 946 1211 amicitiam
978 1172 1151 1223 petitam.
1195 1172 1270 1210 iam
1299 1177 1425 1210 tantas
1445 1171 1627 1211 habuisse

205 1242 312 1281 opes,
335 1235 379 1267 ut
399 1229 641 1268 Masinissam
657 1241 779 1279 regno
801 1228 957 1281 pulsum
976 1241 1021 1267 eo
1037 1228 1242 1278 redegerit,
1265 1234 1308 1266 ut
1326 1228 1402 1266 vita
1426 1228 1508 1267 eius
1529 1228 1628 1267 fama

202 1286 339 1324 mortis
356 1293 393 1324 et
413 1285 582 1334 latebris,
605 1286 772 1324 serarum
787 1286 903 1324 modo
921 1285 960 1324 in
977 1285 1080 1324 silvis
1096 1291 1207 1336 rapto
1224 1284 1398 1331 viventis,
1419 1291 1627 1335 tegeretur.

162 1348 181 1381 8
201 1342 261 1381 his
290 1342 537 1381 sermonibus
567 1342 903 1381 circumstantium
935 1341 1152 1380 celebratus
1172 1353 1238 1379 rex
1259 1340 1300 1379 in
1323 1341 1561 1392 praetorium
1581 1341 1628 1380 ad

203 1399 428 1451 Scipionem
458 1405 515 1437 est
544 1399 767 1450 perductus,
809 1399 927 1437 movit
956 1403 993 1436 et
1015 1397 1239 1449 Scipionem
1261 1409 1349 1436 cum
1371 1397 1525 1436 fortuna
1546 1397 1628 1449 pri-

201 1455 302 1494 stina
322 1455 393 1494 viri
414 1455 608 1507 praesenti
630 1455 809 1494 fortunae
831 1455 997 1502 conlata,
1017 1462 1100 1493 tum
1120 1453 1337 1493 recordatio
1358 1453 1516 1506 hospitii
1538 1455 1627 1493 dex-

203 1543 324 1576 einmal
338 1543 452 1576 luven.
471 1545 521 1584 10,
537 1545 602 1576 334
618 1544 774 1584 genialis
792 1543 879 1576 ohne

203 1588 315 1621 Subst.
341 1587 456 1621 findet.
473 1607 514 1612 --
540 1591 657 1620 utrius
683 1588 787 1631 li'angt
811 1599 878 1621 von

202 1633 372 1672 fortunae
396 1634 455 1674 ab,
488 1633 597 1666 dieses
622 1644 689 1666 von
716 1635 879 1674 accessio,

204 1689 230 1712 s:
257 1689 285 1712 c.
301 1681 355 1719 40,
370 1681 400 1720 3,
425 1678 493 1721 vgl.
512 1678 615 1722 praef.
631 1680 666 1717 3;
693 1678 778 1712 doch
797 1679 881 1712 lasst

205 1723 274 1756 sich
300 1723 392 1756 nicht
417 1724 525 1756 sicher
539 1724 719 1763 erkennen,
747 1724 788 1756 ob
806 1724 881 1763 for-

950 1542 1113 1584 augendo
1147 1542 1192 1575 ist
1216 1541 1290 1574 Abl.
1323 1541 1388 1574 fast
1421 1542 1530 1583 gleich
1564 1553 1628 1575 au-

948 1633 1048 1666 Dativ
1073 1643 1100 1665 s.
1128 1634 1181 1673 2l,
1208 1635 1262 1672 54,
1291 1634 1318 1665 1.

996 1680 1094 1711 3—7.
1122 1682 1258 1710 tantum
1284 1676 1387 1709 durch
1406 1676 1459 1710 die
1473 1676 1629 1721 Stellung

951 1723 1115 1765 gehoben.
1141 1741 1185 1746 ——
1211 1723 1314 1755 duab.
1341 1724 1473 1764 quinq„
1500 1724 1627 1765 28,17‚

947 1592 1081 1629 gentes,
1107 1597 1132 1620 s.
1148 1598 1176 1620 c.
1191 1588 1244 1628 23,
1258 1589 1279 1620 4
1304 1597 1345 1619 zu
1364 1589 1396 1628 2,
1410 1589 1461 1627 32,
1477 1589 1509 1629 4,
1535 1587 1630 1621 nicht
1693 1611 1697 1613 -

205 1773 313 1801 tanae
345 1769 497 1808 Genitiv‚
531 1779 557 1802 s.
590 1772 644 1808 45,
680 1772 709 1811 7,
736 1771 767 1808 2,
801 1769 882 1801 oder

203 1814 302 1846 Dativ
327 1814 390 1856 sei,
421 1813 489 1846 und
513 1814 547 1846 in
573 1814 697 1847 diesem
725 1814 815 1847 Falle
839 1825 881 1846 zu

206 1862 356 1891 accessio
383 1863 470 1891 esset
495 1859 630 1901 geliore,
657 1870 683 1892 s.
711 1861 764 1899 31,
791 1862 821 1900 7,
842 1861 879 1892 9:

203 1906 350 1936 minima
390 1907 540 1935 accessio
576 1915 712 1945 Semper·
747 1904 881 1946 Epirus

205 1959 315 1991 regno
335 1948 564 1980 Macedoniae
588 1949 671 1989 fuit,
696 1949 765 1991 vgl.
781 1951 834 1989 36,
851 1951 880 1990 7,

205 1997 242 2028 6:
261 1996 411 2026 accessio
429 1994 484 2026 ad.
501 2012 540 2017 —
555 1996 713 2035 reiceret,
739 2004 765 2026 s.
782 1997 812 2035 5,
827 1995 880 2032 22,

209 2043 235 2071 1.
259 2058 302 2063 -
328 2041 486 2082 captz’m‘S,
512 2038 579 2071 und
607 2039 792 2081 iiberhaupt
818 2039 882 2071 den

205 2084 430 2127 Gesangenen,
457 2087 591 2125 ceteris,
616 2094 686 2117 was
705 2084 725 2126 ξ
743 2086 782 2117 21
811 2084 883 2116 hin-

204 2130 367 2172 zugefugt
399 2130 461 2170 ist,
496 2129 623 2162 konnte
657 2130 728 2162 hier
760 2129 883 2170 sehlen,

206 2185 230 2207 s.
257 2176 312 2215 21,
338 2177 392 2215 54,
417 2178 448 2216 5,
475 2174 656 2207 besonders
682 2174 722 2207 da
749 2178 882 2206 ceteras

205 2219 357 2262 sogleicli
382 2219 478 2262 solgt.
495 2220 702 2262 —praesitL
717 2230 791 2261 reg.
817 2219 882 2252 wie

206 2275 233 2298 c.
264 2267 315 2305 11,
342 2266 371 2298 2.

249 2308 308 2344 13.
336 2311 431 2342 1-2.
455 2320 564 2351 grem,
591 2309 643 2342 die
668 2308 793 2342 Schaar
824 2309 882 2342 der

206 2354 370 2397 Hossinge‚
384 2354 452 2397 vgl.
467 2356 556 2387 Curt.
570 2356 600 2395 3,
616 2356 709 2394 8‚23.
720 2365 882 2396 —quan-

208 2403 279 2430 tum
305 2419 332 2423 -
356 2403 440 2441 poc„
475 2401 527 2441 29,
564 2402 614 2440 15,
645 2402 682 2437 6;
715 2409 774 2432 aus
807 2399 882 2431 dem

206 2444 300 2486 Folg.
326 2444 407 2477 oder
431 2444 534 2477 durch
559 2444 689 2486 facere,
715 2446 767 2483 26,
793 2447 843 2483 14,
863 2446 882 2477 3

207 2498 246 2520 zu
273 2490 450 2531 erganzen,
477 2500 503 2522 s.
529 2491 582 2529 25,
608 2491 662 2530 23,
684 2490 734 2523 12.
760 2508 804 2512 -
828 2489 882 2529 fa-

206 2544 282 2565 mae
305 2544 352 2576 g.,
380 2544 406 2567 s.
433 2537 487 2573 21,
513 2536 568 2576 23,
592 2536 627 2573 23
654 2537 707 2576 31,
737 2537 764 2575 1,
790 2537 819 2568 7.
839 2553 882 2558 —

955 1770 1005 1801 12.
1031 1788 1074 1792 —
1099 1770 1136 1800 in
1159 1771 1232 1810 pot.
1259 1768 1346 1800 ohne
1371 1778 1446 1810 sua,
1472 1778 1499 1801 s.
1525 1770 1556 1810 8,
1578 1771 1630 1810 15,

952 1815 982 1846 8.
1007 1832 1051 1836 -
1077 1814 1162 1845 host.
1188 1817 1306 1853 macl„
1331 1816 1445 1853 unter,
1477 1813 1529 1845 bei
1553 1813 1628 1846 dem

951 1858 1153 1891 Selilacliten
1178 1857 1236 1890 der
1251 1857 1457 1900 Opserthiere
1482 1857 1551 1890 und
1564 1857 1627 1891 den

953 1902 1049 1935 dabei
1086 1902 1338 1945 gesprocbenen
1375 1902 1523 1935 Gebeten
1559 1902 1627 1936 und

952 1947 1154 1988 Schwiiren,
1193 1949 1259 1987 21,
1279 1949 1334 1987 45,
1369 1948 1400 1979 S.
1432 1967 1475 1971 -—
1505 1958 1628 1990 pacem

953 1992 1158 2025 sreundliche
1184 1992 1391 2034 Gesinnung,
1416 2002 1442 2025 s.
1471 1995 1500 2034 1,
1529 1995 1579 2033 16,
1597 1996 1627 2027 3.

952 2057 994 2061 —
1009 2040 1080 2070 iam
1106 2038 1157 2069 ein
1184 2047 1297 2078 neuer,
1321 2037 1486 2070 starkerer
1504 2037 1629 2081 Grund‚

953 2094 979 2116 s.
1008 2085 1060 2124 29,
1087 2085 1118 2123 3,
1147 2084 1195 2115 14.
1220 2101 1264 2106 —
1288 2082 1448 2121 ferarum
1467 2102 1494 2106 —
1512 2086 1628 2116 viven-

954 2130 996 2160 le's
1029 2128 1072 2160 ist
1107 2137 1272 2170 genauere
1299 2127 1529 2171 Bestimmung
1560 2139 1628 2162 von

952 2175 1024 2205 vila
1050 2175 1124 2204 eius
1149 2172 1216 2205 und
1242 2175 1400 2214 viventis,
1430 2173 1628 2206 absichtlich

952 2217 1098 2251 entserut
1130 2228 1195 2250 von
1231 2220 1320 2259 eius,
1358 2227 1410 2250 am
1443 2218 1535 2251 Ende
1568 2217 1627 2252 des

953 2263 1069 2296 Satzes
1094 2265 1167 2294 vica
1193 2263 1386 2306 gegeniiber
1410 2263 1558 2306 gestent.

998 2310 1094 2342 8—9.
1120 2310 1158 2340 in
1184 2327 1211 2331 —
1237 2308 1292 2349 ad,
1319 2309 1373 2348 29,
1398 2313 1429 2349 4,
1455 2311 1628 2341 5.-1110-

953 2355 1011 2394 vit,
1037 2353 1105 2395 vgl.
1130 2353 1193 2385 den
1219 2353 1384 2396 Empsang
1409 2353 1468 2386 des
1486 2353 1627 2387 Perseus

951 2401 1006 2440 45,
1025 2400 1055 2430 7.
1080 2417 1117 2422 —
1147 2398 1295 2437 fortuna
1311 2417 1337 2421 —
1351 2398 1447 2438 fore„
1473 2398 1527 2431 die
1541 2398 1627 2431 hohe

952 2442 1108 2485 Stellung
1134 2462 1161 2467 —
1186 2442 1238 2475 die
1263 2442 1502 2485 ungliickliche
1525 2443 1626 2486 Lage,

952 2490 1005 2529 29,
1032 2490 1062 2526 6,
1093 2491 1122 2521 1.
1147 2507 1191 2511 -—
1215 2488 1368 2527 conlata,
1394 2487 1453 2521 das
1474 2488 1628 2521 Resultat

952 2534 1010 2566 der
1024 2532 1282 2576 Vergleichung‚
1308 2532 1434 2566 welche
1460 2533 1513 2566 die
1527 2533 1627 2567 Haste
