1732 2840
140 715 188 750 24

215 84 293 124 184

614 86 736 120 LIBER
761 84 906 119 xxviii.
956 86 1049 120 CAP.
1075 89 1128 121 23.
1156 89 1209 121 24.

1488 107 1513 127 a.
1536 107 1568 133 u..
1582 101 1641 128 548.

324 200 398 240 Per
421 213 488 240 eos
511 201 617 252 ipsos
640 200 722 240 dies
738 201 926 252 perfugae
946 214 967 240 a
989 201 1160 241 Gadibus
1182 209 1388 251 venerunt,
1411 204 1642 255 pollicentes

211 257 348 297 urbem
370 257 644 308 Punicumque
665 257 917 309 praesidium,
948 259 1052 309 quod
1074 259 1113 298 in
1137 271 1180 298 ea
1202 259 1299 299 urbe
1322 267 1436 309 esset,
1460 267 1498 300 et
1517 261 1642 313 impe-

170 323 187 353 7
210 321 378 354 ratorem
401 313 583 365 praesidii
607 326 694 353 cum
719 314 842 354 classe
862 314 1089 365 prodituros
1121 328 1217 356 esse.
1267 316 1379 368 Mago
1410 317 1462 356 ibi
1484 330 1530 357 ex
1551 318 1642 369 fuga

210 370 457 419 substiterat,
488 369 730 421 navibusque
751 371 791 410 in
816 371 973 410 Oceano
1004 371 1177 412 collectis
1206 372 1448 424 aliquantum
1478 374 1660 413 auxilio-.

208 440 296 466 rum
319 432 357 466 et
376 433 484 466 trans
504 427 646 467 fretum
670 440 714 467 ex
739 428 867 467 Africa
889 440 955 467 ora
978 434 1016 468 et
1036 442 1079 468 ex
1102 429 1291 481 proximis
1316 429 1524 481 Hispaniae
1543 431 1641 470 locis

169 494 187 525 S
209 496 281 535 per
301 483 536 523 Hannonem
567 484 806 536 praesectum
831 490 1024 535 coegerat.
1080 486 1155 525 fide
1185 492 1342 538 accepta
1366 487 1531 538 dataque
1551 500 1642 539 per-

208 540 311 590 fugis
333 546 370 579 et
384 540 554 580 Marcius
576 553 621 580 eo
644 553 731 580 cum
755 541 945 592 expeditis
962 542 1189 582 cohortibus
1211 548 1248 581 et
1265 543 1420 582 Laelius
1441 555 1529 582 cum
1553 556 1643 595 sep-

211 605 287 637 tem
319 597 545 637 triremibus
578 597 853 649 quinqueremi
875 610 953 637 una
976 604 1040 639 est
1064 599 1230 647 missus,
1264 606 1306 639 ut
1334 606 1437 639 terra
1466 600 1642 652 marique

211 654 411 693 communi
433 654 598 693 consilio
621 666 702 693 rem
726 661 920 705 gererent.

324 710 457 762 Scipio
487 710 571 762 ipse
600 711 704 762 gravi
733 711 871 750 morbo
893 711 1128 763 implicitus,
1162 713 1338 762 graviore
1367 718 1495 752 tamen
1529 715 1641 758 sama,

212 779 300 806 cum
317 767 363 807 ad
380 767 418 806 id
435 767 616 819 quisque,
639 768 744 819 quod
761 768 947 816 audierat,
970 768 1083 808 insita
1105 768 1308 808 hominum
1332 768 1493 809 libidine
1515 769 1641 810 alendi

209 823 469 873 deindustria
486 836 666 864 rumores
683 824 853 864 adiceret
875 824 1034 876 aliquid,
1056 825 1295 876 provinciam
1319 838 1475 865 omnem
1497 839 1541 866 ac
1561 839 1643 866 ma-

168 889 186 921 2
208 880 310 919 xime
331 880 549 932 longinqua
571 881 656 920 eius
676 881 866 929 turbavit3
899 882 1182 933 apparuitque,
1216 888 1398 934 quantam
1432 884 1642 923 excitatura

208 937 351 975 molem
373 949 462 976 vera
484 938 624 978 suisset
645 938 786 986 clades,
810 950 899 977 cum
916 951 1038 978 vanus
1059 950 1195 978 rumor
1215 944 1342 978 tantas
1364 939 1555 990 procellas
1577 952 1643 979 ex-

167 1003 185 1034 3
209 993 374 1033 civisset.
415 1006 495 1032 non
520 995 615 1033 socii
633 995 673 1033 in
690 995 779 1043 fide,
801 1007 881 1033 non
905 995 1099 1034 exercitus
1120 996 1161 1034 in
1185 996 1313 1035 officio
1335 996 1490 1035 mansit.
1531 996 1641 1036 Man-

208 1049 350 1089 donius
383 1056 421 1089 et
440 1050 638 1095 Indibilis,
663 1051 828 1102 quihus,
861 1051 951 1102 quia
983 1064 1149 1102 regnum
1180 1052 1254 1091 sibi
1279 1051 1489 1103 Hispaniae
1518 1053 1643 1104 pulsis

207 1106 297 1145 inde
320 1106 706 1157 Carthaginiensibus
729 1107 969 1147 destinarant
989 1108 1150 1155 animiS,
1184 1108 1280 1147 nihil
1315 1121 1386 1160 pro
1418 1121 1487 1160 spe
1519 1109 1644 1150 conti-

206 1217 273 1250 und
299 1217 357 1250 der
381 1217 574 1260 Meerenge)
599 1218 803 1260 angehtirem
835 1220 890 1258 22,

212 1265 262 1304 11,
286 1265 325 1301 4;
352 1265 408 1305 38,
435 1266 487 1305 17,
515 1266 544 1305 1,
579 1263 743 1296 natiirlich
775 1273 891 1297 ausser

207 1307 271 1341 den
295 1307 602 1352 Bundesgenossen
629 1319 657 1341 c.
683 1310 737 1350 22,
763 1311 793 1343 3.

253 1354 353 1387 6-8.
391 1365 412 1386 α
452 1353 537 1386 Gad.
575 1353 664 1387 kann
702 1354 810 1387 sowol
848 1364 888 1386 zu

205 1398 392 1441 perfugae,
419 1399 467 1432 als
485 1409 525 1431 zu
543 1403 717 1431 venerunt
737 1409 887 1443 gezogen

207 1443 355 1484 werden,
381 1446 413 1484 4,
442 1447 493 1486 11,
520 1446 551 1477 7.
574 1463 617 1468 —-
641 1444 833 1487 pollicem„
860 1455 888 1478 c.

210 1491 260 1531 16,
290 1491 347 1528 153
374 1491 428 1531 27,
450 1492 482 1532 4,
497 1493 527 1523 5.
555 1508 594 1513 -—-
621 1491 705 1522 urbs
731 1500 761 1522 u.
784 1501 889 1533 prae-

206 1534 336 1566 sidium
370 1534 444 1567 sind
478 1534 548 1567 hier
577 1534 670 1567 nicht
702 1534 790 1568 ohne
819 1535 888 1567 Ab-

207 1579 295 1613 sicht
330 1579 541 1612 wiederholt.
575 1599 619 1604 —
656 1582 817 1623 imperat.
854 1591 888 1613 n.

206 1624 325 1668 Mago,
357 1635 384 1658 s.
418 1627 472 1666 21,
506 1627 536 1666 3,
568 1627 606 1664 4;
641 1628 736 1658 sonst
769 1625 888 1659 stehen

206 1670 385 1712 praefecti
409 1670 473 1703 wie
498 1669 616 1704 Hanno
642 1670 719 1713 ξἹς
747 1681 774 1704 e.
802 1673 854 1713 30,
872 1673 885 1704 1

208 1720 249 1748 ab
282 1715 340 1748 der
365 1715 479 1758 Spitze
512 1715 571 1748 der
601 1716 819 1750 Garnisonen.
844 1735 889 1740 —

205 1761 386 1803 proditur.
413 1772 484 1793 esse
508 1761 596 1794 ohne
620 1773 671 1801 se,
703 1772 728 1794 s.
756 1763 809 1803 22,
836 1764 890 1803 50,

207 1808 245 1844 4;
281 1807 335 1846 33,
366 1807 421 1847 49,
453 1808 491 1844 4,
523 1808 579 1848 42,
615 1809 666 1847 10,
701 1809 752 1841 15.
776 1818 890 1838 —eoe

206 1851 308 1892 fuga,
332 1851 377 1883 im
403 1851 612 1893 Gegensatze
637 1862 677 1884 zu
692 1851 890 1885 Hasdrubal.

205 1914 249 1920 --
288 1896 462 1937 aliquant.
500 1899 586 1935 εἴα,
620 1896 889 1939 Umschreibung

206 1940 265 1974 des
277 1940 499 1983 praesidium
517 1941 551 1973 in
565 1941 687 1976 Gades.
702 1961 746 1965 -
760 1941 889 1980 Africa

207 1996 335 2064 {aas
564 1985 888 2075 fr,

206 2079 237 2116 6,
262 2076 331 2109 und
356 2075 597 2110 Mauretanien.

250 2120 409 2156 24-29.
433 2121 619 2154 Krankheit
639 2122 788 2165 Scipios;
813 2121 888 2155 Em—

205 2168 338 2209 porung
355 2167 388 2199 in
407 2167 534 2200 seinem
549 2167 669 2206 Heere;
696 2167 817 2210 Polyb.
837 2170 887 2209 11,

206 2214 265 2250 25;
291 2213 379 2254 App.
405 2212 451 2244 lb.
477 2214 536 2251 34;
563 2212 645 2246 Zon.
670 2214 702 2255 9,
729 2214 782 2246 10.

256 2259 285 2290 1.
311 2257 431 2300 Scipio
446 2277 473 2281 —
491 2258 636 2300 implic„
652 2257 711 2290 der
724 2256 887 2290 Umstand

207 2301 284 2335 dass
309 2312 414 2341 usw.;
440 2302 493 2335 ein
509 2302 729 2336 auffallendes
741 2302 888 2346 Beispiel

207 2347 267 2380 des
281 2347 456 2390 Particips,
483 2357 538 2380 wo
563 2348 625 2380 wir
648 2347 703 2380 die
720 2348 887 2381 abstracte

207 2391 402 2435 Thatigkeit
419 2392 563 2435 denken,
588 2395 642 2433 21,
660 2395 688 2435 1,
702 2395 732 2425 5.
747 2403 886 2435 —gra-

207 2438 305 2469 viore
329 2436 369 2478 sl,
396 2447 421 2471 s.
447 2439 501 2479 27,
528 2439 583 2479 24,
609 2441 638 2479 1,
668 2437 804 2471 wiewol
829 2438 888 2471 das

207 2481 354 2515 Gerticht
364 2481 412 2515 sie
423 2483 507 2516 noch
520 2482 742 2526 gefahrlicher
755 2482 888 2516 machte

209 2527 257 2560 als
282 2527 330 2560 sie
355 2536 440 2567 war;
466 2528 548 2561 iiber
573 2538 651 2561 cum
676 2538 703 2562 c.
729 2529 888 2570 23‚2.—

961 1221 1108 1260 quisque
1133 1219 1178 1252 ist
1202 1219 1262 1252 aus
1285 1219 1322 1251 id
1347 1223 1387 1253 st.
1414 1219 1473 1252 aus
1487 1220 1546 1253 das
1560 1220 1641 1263 solg.

961 1265 1056 1305 quod
1086 1264 1154 1296 und
1187 1275 1224 1297 so
1261 1264 1320 1297 aus
1354 1265 1414 1298 das
1449 1264 1548 1298 Verb.
1585 1265 1645 1299 des
1696 1298 1699 1300 .

960 1309 1252 1352 iibergeordneten
1279 1309 1396 1343 Satzes
1422 1310 1591 1353 bezogen‚
1616 1321 1643 1344 5.

960 1355 1015 1395 39,
1049 1356 1080 1395 8,
1115 1356 1151 1393 6;
1185 1357 1217 1396 9,
1249 1357 1280 1396 2,
1317 1357 1378 1393 11;
1409 1357 1463 1397 21,
1495 1358 1550 1395 58,
1584 1358 1644 1394 1ος

960 1399 1097 1438 Quintil.
1112 1402 1142 1439 3,
1158 1401 1188 1442 8,
1203 1402 1233 1434 6.
1273 1401 1455 1433 hominum
1481 1404 1563 1434 statt
1584 1401 1644 1435 des

959 1455 1000 1477 zu
1026 1445 1258 1478 erwartenden
1285 1446 1505 1487 hominibus,
1536 1457 1563 1480 s.
1591 1448 1645 1484 38.

963 1492 1012 1531 10,
1033 1493 1069 1523 5:
1096 1492 1205 1522 insita
1229 1493 1347 1532 gentis
1374 1491 1644 1533 tranquilitate,-

959 1535 1026 1568 Cic.
1052 1535 1139 1568 Sest.
1161 1537 1217 1577 46,
1238 1538 1296 1569 99:
1322 1540 1471 1579 propter
1495 1538 1643 1569 insitum

960 1580 1135 1622 quendam
1162 1583 1274 1613 animi
1297 1581 1477 1623 furorem,
1512 1583 1582 1625 vgl.
1607 1582 1642 1614 L.

959 1628 992 1664 3,
1017 1628 1070 1668 38,

959 1670 1066 1704 sache
1092 1673 1122 1712 3,
1138 1673 1169 1712 3,
1182 1674 1214 1704 4.
1239 1691 1284 1694 —
1310 1671 1508 1715 longinqua
1533 1675 1588 1715 ei„
1613 1683 1639 1706 s.

959 1726 987 1749 c.
1015 1718 1068 1755 20,
1096 1718 1133 1755 3;
1167 1716 1254 1750 doch
1287 1716 1371 1749 wird
1398 1717 1489 1750 nicht
1514 1718 1563 1750 oft
1589 1718 1642 1750 ein

959 1761 1149 1794 Pronomen
1175 1761 1219 1794 im
1245 1761 1378 1795 Genitiv
1404 1762 1585 1805 gesunden.

1007 1809 1036 1840 2.
1063 1809 1208 1840 eoeczfcat.
1233 1807 1369 1849 suisset,
1394 1817 1420 1840 s.
1451 1811 1502 1850 10,
1527 1810 1583 1849 45,
1603 1810 1642 1851 ὃς

960 1854 1014 1893 36,
1040 1853 1093 1892 22⁷,
1121 1853 1158 1894 33
1194 1854 1247 1893 38,
1275 1855 1330 1890 46,
1357 1855 1396 1886 6:
1432 1854 1643 1886 admonente

959 1897 1119 1938 fortuna,
1146 1897 1243 1938 quid,
1267 1899 1298 1929 si
1315 1898 1446 1929 hostem
1465 1899 1642 1931 hahuisse-

958 1952 1053 1981 mus,
1082 1952 1249 1973 casurum
1281 1941 1431 1983 fuisse&
1463 1945 1517 1982 44,
1544 1946 1575 1985 7,
1603 1946 1641 1982 73

959 1986 1030 2030 vgl.
1058 1986 1125 2019 Cic.
1151 1986 1220 2019 Mil.
1252 1989 1302 2028 18,
1382 1987 1453 2026 ;ad
1480 1988 1517 2027 Q.
1542 1989 1595 2022 Fr.
1609 1990 1639 2030 3,

958 2034 990 2072 4,
1016 2033 1055 2070 2;
1088 2031 1240 2074 dagegen
1271 2031 1305 2066 L.
1327 1989 1388 2070 32,
1413 2035 1467 2075 23,
1493 2036 1530 2067 8:
1565 2034 1640 2074 fue-

959 2078 1055 2116 7i;nc
1079 2076 1112 2109 in
1137 2087 1221 2109 vera
1246 2077 1329 2120 liegt
1353 2077 1406 2110 die
1427 2078 1638 2122 Bedingung.

958 2141 1000 2145 -—
1026 2122 1162 2163 molem,
1187 2121 1241 2155 die
1263 2122 1385 2156 Grdsse
1410 2123 1477 2157 und
1503 2123 1564 2157 das
1577 2124 1642 2157 Ge-

958 2166 1129 2200 fabiliche.
1154 2186 1199 2191 —
1225 2167 1352 2209 clades,
1376 2168 1509 2212 Scipios
1531 2168 1616 2203 Tod.

1005 2214 1104 2247 3—4.
1129 2212 1346 2245 Mandonius
1362 2219 1425 2246 etc.
1443 2213 1568 2247 erklart
1583 2225 1639 2247 so-

960 2259 1008 2290 cii
1030 2256 1097 2290 und
1130 2257 1214 2290 wird
1241 2268 1269 2291 c.
1297 2259 1338 2292 32
1368 2258 1495 2292 wieder
1525 2259 1641 2302 ausge-

958 2312 1126 2335 nommen.
1154 2302 1208 2335 Sie
1234 2302 1348 2336 hatten
1364 2303 1456 2337 nicht
1469 2308 1638 2345 erwartet,

957 2347 1035 2380 dass
1060 2346 1114 2380 die
1129 2347 1260 2390 Romer,
1286 2358 1358 2382 was
1377 2350 1465 2390 Jetzt
1489 2349 1638 2382 deutlich

957 2402 1046 2434 war,
1084 2392 1143 2426 das
1174 2393 1265 2427 Land
1303 2393 1354 2426 fiir
1391 2394 1462 2427 sich
1498 2394 1638 2428 erobern

957 2437 1108 2479 wiirden,
1133 2448 1159 2471 s.
1187 2448 1215 2471 c.
1244 2440 1295 2478 12,
1324 2440 1382 2477 12;
1408 2441 1460 2481 29,
1483 2440 1638 2481 1,24.-·

959 2482 1127 2515 destinat».
1155 2494 1225 2526 an„
1251 2484 1366 2516 hatten
1389 2484 1498 2517 sicher
1522 2484 1642 2517 darauf

958 2527 1149 2571 gerechnet,
1174 2539 1200 2562 s.
1229 2530 1260 2571 9,
1288 2531 1339 2570 16,
1370 2530 1424 2569 19;
1452 2531 1483 2572 6,
1502 2531 1533 2570 6,
1548 2532 1637 2562 7.—

1097 1628 1131 1663 9;
1158 1626 1333 1666 ἰί).’46,2;
1361 1629 1557 1669 27,20,11;
1583 1637 1642 1661 zur
1703 1640 1707 1642 ·

1725 104 1732 123 1
