1732 2840
188 165 242 205 70
651 166 774 200 LIBER
800 165 930 199 XXVll.
979 165 1072 200 CAP.
1099 168 1153 200 26.

1468 183 1493 204 a.
1515 183 1542 203 u.
1562 176 1622 203 546.

147 290 166 321 5
188 282 403 330 exercitus,
426 282 492 333 qui
515 282 555 322 in
579 281 774 334 praesidio
798 285 892 329 erat,
921 280 1011 320 duci
1034 293 1078 320 eo
1101 281 1314 320 iusserunt.
1357 292 1398 319 ea
1420 279 1471 318 ita
1492 279 1622 319 sutura

188 351 260 392 per
283 339 470 390 quosdam
493 337 693 378 Thurinos
715 344 901 388 conperta
923 336 1130 377 Hannibali
1155 349 1242 376 cum
1265 342 1409 384 essent,
1431 335 1551 376 mittit
1571 336 1619 375 ad

187 396 430 436 insidendam
453 395 499 433 ab
521 394 690 434 Tarento
712 394 823 434 viam.
866 393 919 432 ibi
947 393 1019 433 sub
1041 394 1192 434 tumulo
1214 393 1383 433 Peteliae
1405 404 1488 432 mm
1510 392 1621 444 equi-

148 460 167 491 6
187 459 268 492 tum
302 451 378 491 duo
409 451 583 503 peditum
614 452 653 490 in
681 451 835 491 occulto
857 450 1001 498 locata;
1032 450 1072 489 in
1096 463 1194 502 quae
1216 450 1459 501 inexplorato
1483 454 1620 488 euntes

187 508 354 548 Romani
385 521 473 547 cum
506 507 756 556 incidissent,
788 507 833 546 ad
855 519 911 545 iim
932 512 1169 546 armatorum
1190 519 1322 555 caesa,

1344 519 1371 545 M
1394 512 1434 545 et
1454 517 1477 543 n
1500 506 1622 545 ferme

187 565 259 604 vivi
278 565 392 616 capti,
405 565 466 604 alii
485 564 673 616 dissupati
689 564 779 614 fuga
796 575 867 615 per
883 575 998 614 agros
1014 564 1214 615 saltusque
1225 563 1437 603 Tarentum
1456 562 1621 602 rediere.

299 621 493 661 Tumulus
523 627 604 661 erat
633 620 820 660 silvestris
846 620 949 659 inter
969 620 1116 660 Punica
1140 628 1177 660 et
1197 620 1371 659 Romana
1393 623 1517 658 castra
1533 649 1543 668 ,
1573 618 1621 658 ab

187 678 338 718 neutris
367 678 495 729 primo
527 683 765 729 occupatus,
795 677 886 728 quia
907 676 1094 725 Romani,
1117 677 1242 729 qualis
1269 689 1360 728 pars
1382 676 1488 723 eius,
1522 687 1622 726 quae

185 740 362 785 vergeret
383 735 428 772 ad
451 734 623 773 hostium
646 739 792 780 castra,
825 740 948 780 esset,
971 733 1225 785 ignorabant,
1249 732 1442 772 Hannibal
1465 731 1620 771 insidiis

146 798 165 829 8
186 803 301 843 quam
325 791 461 830 castris
483 790 674 842 aptiorem
697 803 784 828 eum
809 790 1036 829 crediderat.
1078 790 1208 841 itaque
1230 796 1344 829 nocte
1364 789 1408 828 ad
1428 788 1465 827 id
1482 788 1621 827 missas

185 848 335 899 aliquot
354 847 609 886 Numidarum
639 854 787 886 turmas
817 846 944 885 medio
976 847 1016 886 in
1049 847 1147 886 saltu
1171 846 1418 894 condiderat,
1452 857 1621 895 quorum

186 904 360 943 interdiu
383 916 498 942 nemo
521 903 567 942 ab
590 904 757 942 statione
776 903 1015 952 movebatur,
1040 916 1090 942 ne
1107 909 1173 943 aut
1189 915 1294 942 arma
1311 908 1377 942 aut
1391 901 1466 953 ipsi
1482 901 1622 953 procul

145 968 164 999 9
186 960 528 1012 conspicerentur.
560 960 777 999 fremebant
795 960 910 1011 vulgo
927 959 966 999 in
987 960 1123 999 castris
1141 959 1327 999 Romanis
1345 958 1621 1010 occupandum

186 1029 274 1056 eum
298 1016 492 1056 tumulum
516 1028 600 1055 esse
622 1022 659 1056 et
680 1016 837 1056 castello
871 1017 1128 1065 firmandum,
1160 1029 1233 1065 ne,
1268 1016 1299 1054 si
1331 1020 1544 1066 occupatus
1575 1014 1622 1053 ab

126 1079 164 1112 10
185 1073 402 1113 Hannibale
433 1073 553 1121 soret,
584 1072 689 1112 velut
715 1073 754 1111 in
778 1072 995 1111 cervicibus
1016 1073 1206 1111 haberent
1226 1073 1393 1112 hostem.
1436 1070 1555 1110 movit
1575 1084 1618 1110 ea

186 1142 248 1169 res
269 1128 508 1178 Marcellum,
532 1134 570 1168 et
591 1129 776 1180 conlegae
794 1129 917 1180 „quin
940 1129 1068 1168 imus‘·'
1086 1129 1215 1180 inquit
1237 1129 1340 1180 „ipsi
1363 1139 1451 1168 cum
1476 1127 1619 1179 equiti-

185 1186 260 1225 bus
281 1186 418 1237 paucis
440 1184 712 1237 exploratum?
750 1185 923 1225 subiecta
946 1198 1008 1225 res
1030 1185 1154 1224 oculis
1177 1186 1322 1225 nostris
1344 1184 1489 1224 certius
1511 1183 1617 1223 dabit

116 1248 153 1282 11
182 1242 431 1281 consilium“.
474 1242 736 1282 consentienti
760 1242 939 1293 Crispino
971 1254 1058 1282 cum
1089 1242 1285 1293 equitibus
1306 1254 1421 1286 ccxx,
1453 1253 1499 1279 ex
1531 1241 1620 1291 qui-

184 1299 258 1338 bus
281 1298 532 1350 quadraginta
554 1299 786 1349 Fregellani,
818 1298 937 1338 ceteri
960 1299 1115 1338 Etrusci
1142 1305 1265 1347 erant,
1288 1297 1618 1350 proficiscuntur3

184 1387 294 1419 Ueber
318 1387 452 1420 Cincius
478 1397 506 1420 S.
520 1387 651 1420 Einleit.
667 1389 720 1420 25.
736 1407 778 1410 —
792 1389 864 1430 qui,

183 1432 243 1465 das
268 1431 343 1465 hds.
366 1431 569 1474 quaeliesse
583 1431 653 1465 sich
669 1442 730 1464 nur
744 1432 865 1465 daraus

184 1476 348 1517 erklaren,
373 1477 451 1509 dass
477 1477 530 1509 ein
547 1476 643 1510 Theil
669 1477 728 1510 des
743 1477 864 1511 Heeres

181 1522 228 1554 ini
248 1521 386 1555 Gebiete
406 1522 464 1554 der
486 1522 687 1555 Sallentiner
709 1522 866 1556 vertheilt

182 1577 342 1610 gewesen
368 1568 477 1606 ware,
506 1577 533 1600 s.
559 1577 588 1600 c.
614 1569 666 1606 22,
693 1569 731 1605 2;
763 1568 865 1602 allein

181 1612 380 1645 schwerlich
389 1612 432 1645 ist
443 1611 567 1645 Tarent
576 1613 663 1645 ohne
672 1612 866 1656 Besatzung

181 1657 337 1699 gelassen
364 1657 512 1698 worden,
539 1668 565 1691 s.
592 1659 739 1700 c.25,2,
764 1668 805 1692 an
831 1669 863 1691 u.

181 1702 231 1736 St.
256 1702 347 1736 viell.
373 1705 436 1744 qui
460 1704 510 1734 ibe?
534 1713 574 1735 zu
600 1703 762 1736 lesen.—
781 1714 820 1735 ea
838 1722 863 1726 -

182 1758 284 1790 conp.
303 1751 426 1790 essent,
452 1747 521 1790 vgl.
536 1758 563 1781 c.
581 1751 610 1789 1,
629 1751 686 1787 14;
712 1748 779 1781 Cic.
792 1749 864 1782 Fin.

182 1794 213 1832 3,
241 1795 272 1833 7,
299 1794 359 1826 23:
385 1794 539 1825 membra
556 1812 583 1817 —
599 1793 684 1825 data
709 1805 781 1826 esse
806 1805 866 1836 ap-

179 1842 355 1880 pareant5
389 1838 433 1870 ib.
459 1840 490 1879 5,
516 1839 569 1880 21,
597 1841 655 1872 582
686 1843 726 1870 ut
749 1839 866 1881 plane,

182 1882 306 1925 qualia
329 1885 411 1922 stne,
437 1883 718 1924 2'ntellegantu7·,·
743 1884 825 1917 Sall.
843 1884 865 1917 1.

181 1929 237 1966 49,
264 1929 294 1960 2.
320 1946 365 1951 —
391 1930 473 1959 tum.
498 1928 581 1969 Pet„
607 1928 660 1960 die
684 1938 742 1961 zur
765 1929 863 1962 Stadt

182 1971 386 2015 gehorende,
405 1972 453 2005 sie
468 1972 629 2014 tragende
643 1973 747 2014 Hohe,
773 1973 861 2006 Plut.

182 2028 211 2050 c.
232 2019 289 2051 25:
317 2015 500 2059 Πετηλίαν
525 2015 648 2062 λόφον,
674 2018 792 2061 ngL.
808 2021 861 2059 23,

183 2064 237 2104 20,
252 2065 288 2100 4;
312 2072 353 2095 an
368 2062 426 2096 der
438 2062 535 2095 Stadt
549 2064 650 2106 gierig
666 2063 719 2096 die
732 2062 863 2096 Strasse

181 2108 336 2140 voriiber.
351 2127 395 2131 —
408 2108 567 2150 saltusq„
580 2108 638 2141 der
650 2109 861 2152 Apenninen‚

180 2162 223 2185 an
244 2153 344 2185 deren
358 2153 521 2196 Abhange
536 2153 621 2186 auch
636 2153 694 2187 der
708 2154 752 2186 im
766 2153 860 2197 Folg.

181 2198 354 2231 erwahnte
381 2199 535 2230 tumulus
560 2209 600 2232 zu
626 2199 752 2232 suchen
777 2199 832 2233 ist.

228 2245 326 2277 7—8.
354 2243 477 2275 tumul.
508 2255 569 2285 ern,
603 2244 690 2277 ohne
724 2243 862 2277 ‘Verbin-

181 2289 284 2330 dung,
309 2288 377 2331 vgl.
397 2290 450 2330 24,
466 2290 519 2331 37,
534 2290 575 2327 2;
602 2299 660 2322 zur
685 2289 792 2323 Sache
807 2291 862 2330 22,

181 2335 236 2373 24,
263 2336 293 2366 6.
319 2351 363 2357 -
387 2333 501 2366 medio
528 2336 565 2366 in
589 2345 631 2376 3.,
663 2345 689 2368 s.
715 2334 782 2367 Cic.
808 2333 862 2367 Or.

183 2380 212 2419 1,
228 2380 281 2418 34,
300 2380 381 2411 157:
407 2378 560 2411 medium
585 2382 621 2412 in
641 2390 778 2422 agmen,
805 2389 862 2422 ge-

178 2422 350 2455 wohnlich
388 2424 476 2456 steht
515 2423 568 2456 die
605 2424 764 2468 Praepos.
801 2434 862 2457 vor

179 2468 325 2499 medrus.
367 2467 431 2500 Zur
464 2468 572 2502 Sache
609 2480 634 2503 s
670 2470 755 2502 Plut
789 2470 860 2502 ἐν’-ε

180 2510 295 2553 πλησε
319 2510 386 2553 ‘cisa
409 2508 497 2555 ἷλην
521 2517 579 2546 καὶ
605 2512 668 2548 τὰς
695 2510 862 2547 κοιλάδας

178 2554 408 2590 ἀκοντιστῶν
432 2571 470 2590 τε
496 2557 644 2592 πολλῶι
669 2557 781 2592 >catio
782 2572 860 2604 γχο-

181 2599 319 2647 φόρωι,
345 2602 402 2635 der
427 2603 510 2635 auch
537 2604 596 2637 das
623 2605 717 2648 Folg.
744 2606 808 2637 wie
826 2605 859 2637 L.

935 1386 1078 1427 erzalilt,
1110 1386 1270 1420 wahrend
1304 1386 1390 1420 nach
1415 1385 1538 1432 Polyb.
1564 1385 1619 1418 die

934 1432 1094 1465 Numider
1120 1443 1181 1465 nur
1205 1432 1344 1475 zufallig
1358 1432 1417 1465 aus
1429 1431 1492 1466 den
1510 1431 1619 1474 Hiigel

935 1477 1110 1520 geschickt
1135 1477 1220 1511 sind.
1236 1497 1278 1501 —
1292 1478 1387 1517 foret
1411 1478 1444 1510 in
1468 1478 1544 1512 dem
1563 1477 1619 1510 be-

935 1522 1125 1566 dingenden
1151 1523 1250 1556 Satze
1275 1523 1339 1556 wie
1358 1525 1410 1564 21,
1428 1525 1483 1566 55,
1498 1526 1535 1562 8;
1564 1524 1618 1564 36,

936 1570 989 1610 34,
1016 1570 1035 1601 2
1060 1578 1092 1600 n.
1118 1578 1147 1600 a.

983 1615 1126 1647 10-11.
1152 1615 1238 1656 quin
1252 1615 1325 1654 im„
1353 1614 1382 1653 1,
1397 1615 1505 1654 57‚7:
1532 1616 1619 1656 quin

936 1659 1202 1691 conscendimus
1243 1660 1372 1700 equos?
1406 1677 1450 1682 —
1488 1660 1619 1692 certius

935 1708 1011 1745 etc.,
1036 1704 1098 1736 wir
1123 1703 1258 1737 werden
1284 1704 1345 1735 mit
1369 1704 1464 1737 mehr
1487 1704 1620 1738 Sicher-

936 1749 1005 1782 heit
1042 1748 1250 1782 beurtheilen
1289 1748 1444 1791 konnen,
1484 1749 1528 1782 ob
1564 1748 1618 1783 die

936 1794 1030 1827 Hdhe
1055 1805 1095 1827 zu
1129 1794 1287 1827 besetzen
1320 1794 1380 1827 sei.
1407 1813 1447 1818 -
1475 1805 1618 1827 consen-

937 1841 1050 1881 tienti,
1076 1849 1104 1872 c.
1135 1842 1186 1877 16,
1212 1841 1248 1877 8;
1277 1841 1307 1880 1,
1332 1841 1386 1880 54,
1413 1842 1452 1881 ὃς
1479 1839 1533 1872 die
1557 1839 1614 1884 Sp.

938 1884 1017 1917 Hds.
1052 1884 1110 1917 hat
1134 1884 1226 1918 viell.
1251 1884 1366 1917 besser
1400 1884 1619 1917 adsentiente

932 1929 999 1962 und
1020 1929 1141 1962 vorher
1157 1929 1268 1961 oculis
1281 1928 1368 1962 ohne
1382 1932 1525 1970 nostris,
1550 1930 1617 1964 wie

931 1976 986 2015 40,
1013 1976 1067 2014 21,
1093 1975 1210 2015 2ς22,
1240 1976 1289 2013 14,
1316 1974 1449 2016 3:vg.l
1476 1977 1533 2017 28,
1556 1977 1613 2017 42,

936 2022 975 2052 14
1011 2021 1090 2052 tuis.
1121 2038 1166 2042 —-
1198 2021 1303 2061 equit.
1339 2018 1489 2062 CCXX„
1523 2020 1613 2054 viell.

931 2063 1201 2116 extraordinarii,
1237 2074 1263 2097 s.
1296 2066 1491 2108 c.12,14;
1524 2065 1614 2099 Plut.

932 2106 986 2142 ὡν
1016 2090 1201 2152 ‘’Pwfflalos
1214 2105 1330 2142 οὐδεὶς
1360 2109 1404 2151 ἢν
1429 2128 1457 2134 -
1487 2120 1616 2143 τεσσα·

931 2150 1090 2209 ξάκοντα
1126 2151 1164 2186 δὲ
1201 2138 1442 2208 Φρεγελλάνοι
1472 2158 1614 2207 πεῖραν

932 2196 1616 2299 ‘ifffffffssssazzzfflnaz‘ff‘passb³325}

932 2288 1105 2331 λαβόντες
1128 2287 1204 2322 ι’ςλα
1230 2286 1292 2321 δίο
1322 2293 1382 2323 καὶ
1409 2287 1612 2346 γροσφομὰ-

930 2345 1010 2376 χους
1045 2332 1135 2377 μετὰ
1172 2334 1249 2367 τῶν
1289 2321 1534 2381 ῥαβδοφόρων
1568 2336 1617 2369 εἷς

931 2376 1137 2421 τριάκοντα.
1151 2379 1364 2422 -Είι-ιιεοι,
1390 2380 1615 2414 wahrschein-

931 2424 1114 2458 scheinlicli
1150 2425 1269 2458 stellen
1302 2426 1350 2458 sie
1385 2425 1470 2458 nach
1506 2425 1614 2458 einem

931 2469 1111 2510 Bt‘mdniss,
1137 2469 1196 2503 das
1222 2470 1307 2503 nach
1330 2469 1406 2503 dem
1419 2470 1540 2513 Abzug
1555 2470 1614 2503 des

931 2514 1080 2558 Pyrrhus
1095 2518 1223 2556 erneut,
1249 2525 1275 2548 s.
1291 2515 1412 2558 Polyb.
1427 2517 1457 2557 2,
1475 2517 1529 2557 20,
1557 2515 1613 2549 od.
1658 2520 1666 2526 ²
1726 2531 1731 2536 ·

930 2559 1150 2638 lgegchplosggn
1175 2560 1229 2602 ist,
1254 2560 1324 2593 ihre
1350 2559 1523 2604 Truppen‚
1548 2560 1613 2593 Po-

946 2615 965 2648 y
994 2630 1000 2636 .
1027 2610 1034 2618 ”
1050 2631 1058 2646 ,
1131 2630 1137 2637 .
