1732 2840
3 140 22 160 ,
80 128 106 150 a.
127 121 178 148 eh.
198 122 257 148 203.

0 1552 7 1784 ,-«.,...,,.μν;7.
0 1489 8 1503 .-

562 109 685 143 LlBER
710 109 810 142 XXX.
858 109 950 143 CAP.
980 112 1007 143 1.
1452 107 1503 147 93

81 224 535 272 evenissent,exercitum
548 236 567 263 a
581 224 621 262 P.
634 224 866 276 Sempronio
885 224 1101 275 acciperet;
1125 223 1164 263 P.
1183 223 1439 277 Sempronius
1452 249 1504 254 —-

81 282 115 321 ei
137 293 293 334 quoque
315 281 418 320 enim
441 280 668 333 proconsuli
691 280 899 332 imperium
922 280 959 318 in
983 293 1130 319 annum
1152 280 1504 333 prorogabatur—

79 337 120 377 P.
158 337 308 378 Licinio
345 338 592 384 succederet,
629 337 660 376 is
695 337 857 376 Romam
893 342 1173 384 reverteretur,
1210 337 1311 376 bello
1349 350 1504 390 quoque
1525 345 1545 376 4

79 394 208 434 bonus
239 393 394 433 habitus
415 394 460 433 ad
483 400 633 441 cetera,
664 393 804 445 quibus
827 404 940 432 nemo
964 405 1006 432 ea
1029 399 1254 445 tempestate
1276 394 1505 434 instructior

80 450 172 490 civis
202 450 435 497 habebatur,
466 450 661 501 congestis
692 449 874 488 omnibus
896 449 1076 488 humanis
1096 450 1142 488 ab
1173 457 1308 490 natura
1331 451 1505 491 fortuna-

81 519 155 559 que
177 507 300 546 bonis.
340 507 482 546 nobilis
504 507 603 545 idem
626 519 669 545 ac
692 506 797 545 dives
819 510 921 553 erat3
945 506 1066 544 forma
1089 506 1311 558 viribusque
1329 508 1506 559 corporis
1526 515 1543 546 5

81 563 309 610 excellebat;
348 563 648 603 facundissimus
676 562 890 601 habebatur
918 574 986 600 seu
1019 574 1132 601 causa
1164 564 1329 611 oranda,
1366 576 1433 603 scu
1463 564 1503 603 in

81 626 218 659 senatu
250 627 286 659 et
307 620 351 658 ad
376 619 564 672 populum
587 619 773 658 suadendi
795 630 837 657 ac
859 618 1106 657 dissuadendi
1129 618 1238 658 locus
1261 626 1380 668 esset;
1412 620 1506 660 iuris

80 676 270 728 pontificii
294 676 570 728 peritissimus3
594 687 712 727 super
734 675 828 714 haec
849 674 1009 714 bellicae
1031 687 1187 726 quoque
1209 675 1340 714 laudis⁴
1363 688 1506 716 consu-
1527 683 1546 715 6

79 732 181 772 latus
212 738 434 784 compotem
467 732 620 771 fecerat.
671 731 773 783 quod
806 731 845 770 in
876 730 1038 770 Bruttiis
1073 732 1294 783 provincia,
1332 733 1433 771 idem
1464 733 1504 772 in

80 789 233 828 Etruria
262 801 306 828 ac
334 788 545 840 Liguribus
575 789 794 827 decretum:
827 787 876 825 M.
900 787 1103 826 Cornelius
1134 801 1233 826 novo
1257 788 1407 828 consuli
1431 794 1506 828 tra·
1526 798 1543 829 7

79 845 170 884 dere
201 845 412 884 exercitum
444 845 594 892 iussus,
625 845 707 896 ipse
740 850 952 896 prorogato
975 844 1139 896 imperio
1162 844 1322 883 Galliam
1347 845 1505 897 provin-

79 901 176 941 ciam
207 901 384 941 obtinere
416 914 503 940 cum
534 900 754 952 legionibus
785 900 852 947 iis,
892 913 987 952 quas
1014 906 1170 952 praetor
1199 901 1242 939 L.
1275 900 1505 941 Scribonius

79 958 209 1010 priore
245 970 348 997 anno
385 957 595 997 habuisset.

667 957 793 996 sortiti
830 957 969 995 deinde
1004 957 1246 1008 provincias:

1320 957 1505 1009 Caepioni
1524 965 1543 997 8

79 1014 239 1062 Bruttii,
270 1014 432 1054 Servilio
456 1014 620 1053 Gemino
643 1013 796 1052 Etruria
818 1013 956 1052 evenit.
999 1020 1079 1051 tum
1102 1019 1325 1065 praetorum
1348 1014 1506 1065 provin-

81 1139 229 1179 genannt
253 1136 297 1169 ist
323 1135 544 1175 nichtselten,
570 1137 629 1177 εξ
648 1138 679 1173 ῖς
703 1137 755 1175 31,

81 1184 111 1223 8,
138 1183 171 1219 7;
198 1181 241 1213 ib.
272 1184 321 1223 12,
353 1184 363 1214 1
394 1190 758 1223 u.a.—-procons.=

81 1229 133 1259 ita
159 1230 197 1258 ut
219 1237 286 1268 pro
313 1226 454 1259 consule
480 1229 576 1258 esset.
617 1225 756 1257 Licinio

80 1282 119 1312 s.,
146 1273 316 1313 29,13,3;
344 1271 429 1304 auch
455 1271 488 1304 in
514 1270 638 1304 diesem
655 1269 755 1303 Jahre

81 1316 198 1350 slehen
213 1316 316 1349 Hann.
332 1318 352 1349 4
367 1316 536 1359 Legionen
555 1316 757 1359 gegent‘iber.

126 1374 224 1406 4—6.
252 1372 339 1404 bello
355 1391 383 1395 —
399 1376 526 1413 cetera,
545 1371 648 1404 durch
667 1371 757 1404 diese

81 1417 197 1450 Worte
223 1416 306 1450 wird
332 1416 391 1450 das
412 1417 483 1449 hier
509 1416 658 1459 weniger
683 1426 758 1458 pas-

82 1462 164 1496 send
197 1462 246 1495 als
280 1466 375 1496 sonst
407 1462 440 1495 in
472 1461 609 1495 solehen
644 1461 759 1494 Fallen

81 1507 270 1541 motivierte
295 1507 364 1540 Lob
397 1506 618 1549 angekniipst.
645 1525 689 1529 —
715 1506 762 1537 ad

83 1556 158 1593 eet„
184 1563 210 1586 s.
237 1554 292 1594 26,
308 1555 338 1592 5,
354 1553 386 1593 9,
411 1551 479 1594 vgl.
505 1551 570 1584 Cic.
591 1550 645 1584 Or.
662 1552 692 1592 2,
708 1552 762 1591 73,

83 1599 164 1631 296:
192 1607 270 1629 cum
296 1599 419 1629 ceteris
437 1598 508 1628 tuis
527 1596 702 1629 laudibus.
718 1614 761 1619 —

84 1644 258 1684 congestis
284 1652 315 1674 n.
342 1644 379 1673 in
405 1652 494 1681 eum,
520 1651 546 1674 s.
576 1642 628 1682 39,
653 1642 760 1682 5o,9:

84 1688 171 1720 adeo
197 1688 358 1720 omnibus
387 1687 552 1718 humanis
585 1688 761 1727 congestis

85 1733 293 1774 honoribus,
324 1735 363 1764 ut
388 1742 430 1763 ne
465 1731 595 1763 divinis
620 1731 761 1773 quidem

85 1778 331 1810 abstineretur.
359 1795 402 1800 —
433 1777 475 1808 ab
512 1780 643 1808 natura
675 1775 760 1814 fort.

84 1823 129 1855 im
155 1822 248 1865 Folg.
274 1821 455 1855 chiastisch
485 1820 700 1864 ausgesiihrt,
734 1831 760 1853 s.

85 1868 151 1900 Cic.
178 1866 269 1900 Verr.
285 1869 315 1908 4,
330 1868 383 1908 37,
399 1869 460 1901 80:
487 1877 576 1909 quae
601 1869 663 1898 aut
687 1865 761 1904 foi·-

87 1916 172 1945 tuna
199 1912 396 1944 hominibus
422 1915 485 1944 aut
502 1915 632 1944 natura
652 1911 762 1952 largi-

87 1961 157 1990 tur.
181 1977 225 1981 —
249 1957 379 1997 forma,
407 1957 473 1999 vgl.
500 1956 560 1989 Dio
583 1956 675 1989 Cass.
701 1955 761 1999 srg.

87 2004 142 2042 57,
166 2003 227 2036 52:
252 2003 416 2034 Λικίνιος
441 2000 606 2047 Κράσσος
629 1997 700 2034 ὑπό
725 2013 764 2033 τε

87 2048 276 2080 ἐπιεικείας
300 2049 359 2078 καὶ
382 2042 530 2079 κάλλους
554 2043 711 2080 πλούτου
725 2058 764 2078 τε

87 2096 150 2125 etc.
187 2091 247 2124 Mit
269 2091 544 2130 facundissimus
559 2094 623 2124 etc.
649 2091 764 2134 folgen

88 2135 214 2170 wieder
238 2136 418 2169 chiastiseh
442 2135 496 2169 die
520 2135 686 2179 Vorztige,
711 2135 764 2169 die

88 2191 124 2215 er
149 2180 219 2214 sich
245 2180 351 2214 selbst
375 2181 549 2215 erworben
576 2181 650 2223 hat,
679 2191 704 2215 s.
733 2182 763 2221 3,

92 2228 144 2268 11,
166 2228 204 2260 6:
231 2226 279 2258 acl
303 2236 342 2258 ea
367 2236 515 2258 munera
541 2227 624 2258 data
650 2237 670 2258 a
697 2226 764 2258 diis

90 2275 123 2304 et
147 2273 220 2314 ipse
245 2270 434 2303 addiderat
457 2271 567 2304 multa
602 2271 684 2303 belli
708 2271 764 2303 de-

90 2326 174 2349 cora
198 2315 475 2358 facundiamque
507 2318 544 2348 in
574 2315 654 2356 foro
687 2319 764 2357 etc„

90 2360 156 2394 Cic.
183 2360 235 2394 Or.
262 2362 293 2403 2,
322 2362 373 2402 11,
398 2363 450 2394 45.
477 2380 521 2385 —
544 2371 605 2393 seu
623 2380 648 2384 -
668 2365 763 2402 esset,

90 2405 262 2439 entweder
285 2405 363 2438 weil
390 2415 450 2438 nur
474 2404 527 2439 die
557 2406 592 2439 in
617 2406 763 2438 habeba-

91 2454 150 2483 tur
167 2450 382 2484 bezeichnete
401 2450 542 2483 Ansicht
564 2459 763 2494 ausgespro-

92 2494 176 2528 chen
208 2495 288 2529 oder
321 2495 399 2527 weil
425 2495 478 2528 die
502 2495 763 2539 Wiederholung

90 2539 295 2583 angedeutet
320 2539 456 2574 werden
481 2539 555 2582 soll,
579 2549 605 2573 s.
632 2541 685 2581 21,
713 2543 765 2581 36,

828 1137 845 1148 η

835 1147 865 1171 ις
897 1136 924 1176 1,
950 1136 1002 1173 42,
1030 1136 1060 1168 3.
1080 1152 1122 1158 —
1141 1145 1249 1166 causa
1273 1154 1296 1158 -
1327 1135 1423 1168 locus
1449 1146 1507 1177 es„

827 1179 1135 1222 Proeessffihrung,
1161 1179 1274 1213 Reden
1301 1180 1343 1212 im
1371 1179 1507 1222 Senate,

828 1234 927 1256 wenn
953 1234 987 1257 er
1013 1224 1239 1267 aufgesordert
1264 1225 1379 1259 wurde
1416 1226 1507 1259 seine

828 1269 989 1311 Meinung
1014 1279 1054 1302 zu
1081 1279 1204 1312 Sagen,
1237 1270 1270 1302 in
1303 1270 1361 1303 der
1386 1270 1508 1304 Volks-

829 1314 1088 1357 versammlung.
1107 1334 1151 1338 —
1170 1318 1203 1346 et
1227 1315 1275 1346 ad
1296 1325 1390 1357 pop„
1416 1315 1507 1349 viell.

829 1360 872 1392 ist
897 1363 960 1392 aut
985 1359 1031 1391 ad
1053 1370 1088 1400 p.
1114 1370 1154 1392 zu
1179 1359 1292 1402 lesen,
1325 1360 1367 1392 da
1401 1364 1433 1392 et
1463 1361 1508 1393 im

830 1404 904 1437 Put.
931 1404 1140 1447 ausgefallen
1166 1404 1222 1445 ist,
1251 1404 1282 1437 d.
1309 1404 1366 1447 Sp.
1393 1404 1449 1439 Hs.
1476 1409 1509 1438 et

831 1449 927 1491 apud
949 1460 983 1491 p.
1010 1450 1112 1491 hatte,
1137 1449 1203 1492 vgl.
1232 1449 1297 1483 Cic.
1324 1450 1376 1483 Or.
1404 1452 1435 1492 3,
1455 1452 1507 1491 33,

834 1496 911 1528 134:
938 1496 1024 1526 llaec
1048 1495 1120 1534 fuit
1134 1495 1170 1527 P.
1188 1493 1306 1526 Crassi
1330 1495 1427 1527 illius
1454 1506 1507 1528 ve-

831 1541 934 1579 cer-is,
966 1540 1051 1571 haee
1080 1538 1132 1572 Ti.
1161 1539 1377 1572 Coruncanii
1401 1560 1427 1564 -
1453 1551 1506 1573 sa-

827 1586 976 1627 pientia,
1003 1587 1065 1626 qui
1090 1594 1207 1617 omnes
1230 1585 1416 1627 pontifices
1433 1595 1508 1617 ma-

830 1631 923 1661 oeimi
947 1629 1105 1670 fuerimt,
1132 1633 1171 1661 ut
1198 1630 1245 1662 ad
1269 1641 1325 1662 eos
1344 1630 1384 1662 cle
1399 1633 1509 1663 omni-

832 1675 893 1706 bus
919 1674 1048 1706 divinis
1074 1674 1140 1713 (bei
1165 1674 1198 1707 L.
1225 1674 1270 1707 im
1295 1674 1388 1718 Folg.
1419 1677 1509 1707 iuris

829 1719 958 1761 pontif.
970 1721 1218 1761 peritissimus)
1230 1724 1335 1761 atque
1345 1721 1510 1752 humanis

831 1765 933 1796 rebus
958 1764 1174 1804 referretur,-
1207 1765 1380 1807 iidemque
1415 1769 1448 1797 et
1471 1767 1510 1797 in

831 1813 956 1841 senatu
993 1813 1025 1841 et
1061 1809 1158 1851 apud
1191 1810 1364 1852 populum
1401 1814 1435 1843 et
1472 1812 1510 1842 in

833 1856 948 1886 causis
973 1855 1169 1886 amicorum
1194 1858 1227 1886 et
1253 1855 1349 1887 domi
1365 1859 1399 1887 et
1418 1855 1510 1887 mili-

833 1901 902 1932 tiae
914 1899 1099 1932 consilz'um
1113 1910 1215 1932 suum
1225 1899 1399 1942 fidemque
1408 1911 1511 1943 prae-

833 1945 985 1977 stabant.
1000 1963 1043 1968 —
1057 1945 1229 1977 suadend.
1257 1956 1277 1977 a
1297 1945 1391 1986 diss,
1415 1955 1441 1978 s.
1460 1947 1511 1986 10,

834 1992 866 2031 7,
895 1991 980 2023 1.—
1000 1991 1088 2021 iuris
1111 2001 1145 2032 p.
1170 2001 1217 2030 μ,
1243 1999 1277 2022 er
1300 1990 1343 2023 ist
1368 1990 1508 2023 seit211

835 2044 864 2068 a.
891 2034 948 2068 Ch.
975 2034 1126 2078 pontifex
1152 2034 1326 2073 maximus,
1353 2044 1379 2067 s.
1399 2036 1452 2076 25,
1471 2038 1510 2072 5;

835 2080 916 2112 iiber
941 2079 999 2112 das
1026 2081 1080 2111 ius
1104 2080 1231 2122 pontifi
1257 2081 1452 2121 s.1,20,6;
1479 2081 1510 2120 6,

838 2127 866 2165 1,
897 2127 952 2167 10;
977 2123 1163 2157 Mommsen
1189 2123 1252 2157 Str.
1279 2125 1309 2164 2,
1331 2126 1511 2158 46.—su-

833 2181 898 2212 per
924 2171 955 2202 l1.
982 2169 1046 2202 wie
1072 2168 1132 2211 §4
1158 2169 1205 2201 ad
1228 2172 1355 2212 cetera,
1383 2168 1515 2202 worauf

835 2214 906 2248 hier
919 2212 1224 2256 zuriickgegangen
1239 2213 1385 2247 wird.—
1399 2224 1510 2256 comp.

833 2259 915 2300 fec„
941 2259 1032 2291 hatte
1051 2258 1269 2302 Gelegenheit
1293 2259 1444 2302 gegeben
1470 2269 1511 2292 zu

835 2304 1004 2347 erlangen.

881 2361 981 2393 7—9.
1008 2362 1044 2391 in
1058 2358 1175 2391 Bruti.
1201 2359 1231 2391 in
1248 2358 1360 2402 Bezug
1378 2359 1436 2392 auf
1451 2358 1511 2393 das

837 2405 920 2438 Heer
945 2405 989 2437 im
1015 2403 1272 2445 Bruttierlande,
1297 2414 1324 2437 s.
1351 2406 1382 2445 5,
1406 2406 1510 2445 36,9;

838 2452 891 2491 26,
905 2451 935 2488 2,
954 2451 1003 2483 14.
1019 2469 1059 2473 -
1075 2449 1180 2488 idem,
1204 2448 1308 2482 durch
1333 2448 1392 2482 das
1406 2449 1511 2493 Folg.,

836 2504 890 2527 wo
916 2494 974 2527 der
996 2493 1196 2527 Nachdruck
1222 2493 1279 2526 aut
1300 2504 1390 2527 novo
1418 2505 1511 2527 cons.

836 2539 929 2582 liegt‚
955 2538 1087 2572 erklfirt.
1113 2557 1157 2562 —-
1184 2537 1319 2572 Cornel.
1339 2557 1366 2563 -
1387 2539 1511 2580 Sor-ib„
