1732 2840
0 204 17 231 te

0 247 15 287 la

0 373 13 400 ta

0 430 14 457 Ιθ

0 551 12 899 -ι-ιωωω-..

108 110 134 132 a.
155 102 206 130 Cb.
225 103 284 130 205.

580 91 701 124 LlBER
727 91 839 125 xxix.
887 92 979 126 CAP.
1005 95 1036 126 6.
1478 91 1526 129 13

222 205 312 245 Post
340 205 505 244 reditum
527 217 573 243 ex
594 205 720 244 Africa
742 204 782 244 C.
806 204 908 244 Laeli
931 212 968 244 et
989 205 1173 258 Scipione
1194 205 1390 245 stimulato
1413 206 1525 246 Masi-
1551 212 1573 246 6

110 262 236 301 nissae
268 260 626 307 adhortationibus,
658 268 696 300 et
726 261 932 308 militibus,
964 262 1144 313 praedam
1171 274 1215 300 ex
1236 263 1403 301 hostium
1428 268 1529 302 terra

110 317 361 357 cernentibus
378 323 454 356 tota
471 317 592 356 classe
610 317 750 365 efferri,
772 318 945 359 accensis
967 318 1012 356 ad
1037 318 1290 357 traiciendum
1313 331 1427 370 quam
1449 319 1529 371 pri-

110 386 229 421 mum,
253 374 461 413 intervenit
476 373 611 412 maiori
628 374 756 412 minor
772 374 953 424 cogitatio
977 374 1122 413 Locros
1145 375 1278 413 urbem
1301 375 1527 427 recipiendi,

109 442 206 482 quae
235 430 306 469 sub
338 430 596 469 defectionem
618 429 747 469 Italiae
776 431 986 469 desciverat
1007 437 1044 469 et
1065 431 1146 482 ipsa
1167 431 1212 469 ad
1237 431 1400 470 Poenos.
1441 444 1530 484 spes
1550 439 1569 470 ‘2

109 493 236 526 autem
272 486 520 526 adfectandae
556 486 638 525 eius
676 488 729 525 rei
764 499 809 525 ex
839 487 996 525 minima
1028 499 1068 525 re
1099 487 1265 526 adfulsit.

1316 488 1529 528 latrociniis

109 543 230 594 magis
261 555 376 594 quatu
409 543 509 581 iusto
532 542 634 581 bello
657 543 696 581 in
719 543 880 582 Bruttiis
902 543 1136 594 gerebantur
1157 556 1236 589 res,
1267 544 1460 596 principio
1483 545 1528 584 ab

107 599 283 639 Numidis
300 600 398 639 facto
414 606 451 638 et
469 599 626 638 Bruttiis
644 612 720 638 non
744 600 928 638 societate
950 600 1070 650 magis
1088 599 1231 638 Punica
1255 612 1369 651 quam
1391 607 1530 652 suopte

109 656 267 707 ingenio
299 655 608 706 congruentibus
637 656 675 694 in
709 668 797 694 eum
827 668 996 703 morem;
1027 662 1223 707 postremo
1247 655 1409 696 Romani
1432 669 1530 708 quo·
1552 663 1570 695 3

111 724 185 764 que
216 712 288 751 iam
320 712 553 762 contagione
579 712 743 763 quadam
764 718 873 763 rapto
897 713 1127 762 gaudentes,
1159 718 1345 763 quantum
1369 725 1438 765 per
1459 713 1530 752 du-

109 780 174 808 ces
195 768 354 814 licebat,
385 768 635 807 excursiones
656 768 695 807 in
717 769 886 807 hostium
916 780 1030 819 agros
1063 769 1201 807 facere.
1246 769 1292 807 ab
1320 769 1366 808 iis
1388 770 1531 820 egressi
1552 776 1570 807 4

110 824 266 876 quidam
299 824 434 864 urbem
457 824 671 863 Locrenses
701 825 952 864 circumventi
975 824 1216 876 Regiumque
1246 825 1425 864 abstracti
1447 826 1530 865 fue·

110 887 207 920 rant.
249 881 288 920 in
306 893 351 919 eo
374 881 614 932 captivorum
638 893 798 920 numero
823 881 917 919 fabri
940 880 1094 932 qnidam
1117 882 1237 927 fuere,
1259 882 1406 920 adsueti
1428 882 1528 933 apud

110 936 263 976 Poenos
293 938 471 976 mercede
503 949 601 989 opus
633 937 669 975 in
699 950 786 976 arce
816 937 1030 976 Locrorum
1061 937 1198 975 facere.
1239 937 1278 975 hi
1308 937 1453 988 cogniti
1483 938 1530 977 ab
1552 944 1570 974 5

113 993 364 1032 Locrensium
384 993 641 1045 principibus,
664 993 729 1044 qui
747 993 848 1044 pulsi
869 992 915 1032 ab
931 993 1087 1031 adversa
1106 993 1286 1040 factione,
1309 1006 1407 1044 quae
1425 993 1531 1033 Han-

154 1169 260 1205 6-9.
286 1169 467 1202 Einnahme
484 1180 548 1202 von
564 1169 674 1211 Locri;
692 1169 785 1202 Diod.

110 1215 174 1249 Sic.
201 1217 253 1255 27,
280 1218 316 1253 5;
343 1216 429 1258 App.
457 1214 634 1252 Hann.55;
661 1215 741 1248 Zon.
755 1216 786 1253 9,

116 1263 171 1298 11;
201 1260 272 1294 Val.
300 1259 386 1292 Max.
417 1262 444 1301 1,
476 1262 502 1301 t,
528 1261 584 1293 21.

158 1307 187 1338 1.
214 1316 258 1337 ew
283 1306 370 1337 ltost.
399 1308 432 1343 !.,
459 1304 642 1338 attributiv.
660 1323 704 1328 —
731 1315 786 1336 ac-

111 1352 238 1391 censis,
270 1360 296 1383 s.
335 1360 362 1382 c.
394 1352 420 1388 1,
450 1352 486 1382 15
514 1360 544 1382 u.
572 1351 625 1390 24,
651 1351 680 1382 5.
730 1349 787 1382 Die

111 1395 266 1438 H'aufung
291 1394 350 1428 der
363 1394 518 1427 Ablative
535 1394 578 1427 ist
595 1394 787 1427 auffallend.

111 1460 150 1464 —
166 1442 500 1472 minor=min0ris
524 1442 587 1480 rei,
612 1449 710 1472 wozu
736 1439 784 1472 als

111 1484 304 1528 Epexegese
330 1484 460 1517 Locros
486 1485 561 1517 urb.
589 1484 787 1527 reeipiendi

111 1530 193 1562 tritt.
217 1549 261 1554 ——-
285 1532 348 1562 sub
375 1530 443 1568 cles.
470 1530 523 1569 lt„
549 1539 574 1562 s.
601 1531 655 1570 27,
675 1531 728 1569 37,
751 1531 786 1566 l;

111 1585 168 1607 zur
192 1574 299 1607 Sache
323 1577 377 1613 2⁴,
396 1576 427 1613 1;
447 1576 501 1615 23,
517 1576 570 1608 30.
585 1593 627 1598 —-
642 1577 674 1606 et
700 1576 787 1616 ipsa,

112 1620 176 1652 wie
201 1619 253 1652 die
280 1620 417 1662 iibtigen
451 1619 554 1652 durch
581 1619 706 1651 ltaliae
731 1619 787 1652 be-

111 1664 305 1698 zeichneten
320 1663 469 1698 Staaten.
484 1683 527 1688 —
540 1674 634 1706 spem
649 1664 789 1704 adfect,

112 1719 139 1742 s.
157 1712 184 1750 l,
200 1711 253 1748 46,
269 1711 306 1742 2:
330 1720 425 1750 spem
443 1709 649 1748 adfectandi
665 1711 789 1749 regni.-

113 1754 166 1787 die
191 1753 357 1797 Hoffnung
383 1754 435 1787 die
461 1753 568 1787 Sache
594 1754 654 1786 mit
678 1753 790 1796 Erfolg

112 1809 153 1832 zu
179 1799 430 1840 unternehmen,
456 1799 525 1841 vgl.
543 1801 596 1837 28,
616 1800 664 1839 18,
682 1800 732 1832 10.
746 1817 790 1821 -—

112 1846 166 1876 rei
190 1863 216 1868 -
241 1855 290 1885 re,
314 1854 340 1877 s.
366 1854 406 1876 zu
426 1845 525 1884 2,18‚
542 1845 579 1876 2:
604 1854 791 1886 parvaque

114 1899 158 1921 ea:
182 1900 220 1922 re
244 1889 291 1921 ad
315 1889 539 1921 rebellionem
560 1892 719 1931 spectare
736 1899 790 1920 res

116 1934 322 1974 videbatur;
347 1936 400 1974 36,
425 1935 480 1974 23,
504 1936 542 1972 5;
569 1934 637 1976 vgl.
662 1935 716 1976 28,
740 1935 789 1974 16,

118 1980 176 2022 123
203 1979 262 2012 das
288 1979 442 2012 erstemal
468 1979 511 2012 ist
533 1990 588 2011 res
607 1978 791 2012 Unterneh-

115 2033 236 2067 mung;
263 2024 295 2056 in
308 2026 393 2056 min.
408 2035 446 2056 re
470 2023 622 2066 dagegen
642 2023 699 2056 der
713 2023 789 2056 Um-

116 2068 223 2102 stand.
250 2088 293 2093 —
318 2068 460 2109 ads'als„
486 2071 539 2110 27,
565 2071 619 2109 28,
649 2071 698 2101 Η.

162 2115 262 2147 2-3.
288 2118 411 2155 suopte
436 2116 522 2156 ing„
548 2124 575 2147 s.
602 2115 657 2154 28,
686 2115 736 2154 12,
760 2114 791 2146 8.

115 2177 160 2183 -
185 2162 389 2199 congruent.
416 2161 483 2192 in..·
513 2159 599 2191 ihrer
629 2159 792 2201 angebor-

119 2213 182 2236 nen
207 2203 363 2246 Neigung
396 2203 481 2236 nach
512 2203 570 2236 auf
591 2203 683 2236 diese
708 2202 791 2236 Sitte

118 2247 333 2290 eingiengen3
368 2247 421 2280 die
446 2249 632 2282 Construct.
663 2248 724 2280 mit
754 2250 791 2280 in

117 2293 161 2326 ist
179 2292 450 2336 ungewohnlicb‚
476 2293 543 2336 vgl.
568 2295 594 2335 1,
616 2295 669 2333 21,
693 2295 729 2326 2:
755 2295 793 2325 in

118 2340 213 2380 regis
238 2348 351 2370 mores
375 2355 402 2360 —
426 2337 625 2376 formarent
633 2349 647 2378 ;
674 2337 794 2371 anders

120 2385 152 2424 3,
166 2384 221 2424 24,
235 2385 272 2416 6:
299 2385 336 2414 in
350 2392 459 2414 unum
481 2386 715 2425 congruentes
728 2394 793 2424 res,

119 2427 188 2470 vgl.
214 2429 267 2470 26,
286 2429 316 2469 2,
335 2429 366 2461 5.
398 2431 584 2469 postremo,
610 2427 670 2461 das
694 2427 794 2460 dritte

120 2471 214 2506 Glied
240 2473 322 2506 wird
349 2471 398 2505 als
422 2471 699 2515 selbststandiger
716 2472 794 2506 Satz

123 2517 294 2561 angeffigt,
320 2519 374 2559 30,
389 2518 443 2559 30,
458 2518 488 2551 8.
516 2518 586 2549 iam
610 2517 729 2560 gehort
753 2527 794 2550 zu

71 1089 75 1093 ,
112 1049 228 1088 nibali
249 1049 393 1088 Locros
416 1049 632 1096 tradiderat,
655 1048 817 1100 Regium
839 1061 879 1088 se
902 1048 1162 1096 contulerant,
1185 1061 1273 1087 cum
1295 1056 1421 1089 cetera
1444 1062 1533 1102 per·
1552 1055 1571 1086 6

853 1169 1050 1211 gaudentes
1074 1169 1215 1208 faeere:
1246 1180 1281 1203 es
1309 1180 1378 1202 war
1409 1170 1532 1204 bereits

856 1225 893 1247 so
921 1214 1001 1247 weit
1025 1214 1236 1257 gekomrnen,
1266 1214 1343 1248 dass
1370 1215 1453 1248 auch
1480 1215 1533 1249 die

857 1259 978 1292 Romer
1002 1269 1103 1296 usw.;
1138 1270 1179 1291 zu
1208 1260 1402 1301 gaudentes
1428 1270 1452 1293 s.
1480 1262 1532 1301 22,

857 1306 887 1346 9,
914 1307 951 1342 5;
978 1314 1003 1337 s.
1029 1304 1142 1346 Lange
1167 1306 1198 1346 2,
1224 1306 1300 1338 231.

903 1352 1002 1382 4—6.
1029 1350 1071 1381 ab
1098 1352 1152 1390 iis,
1178 1359 1244 1381 von
1269 1349 1388 1390 denen,
1415 1349 1468 1382 die
1492 1360 1530 1383 so

857 1394 979 1426 einmal
1004 1394 1100 1427 einen
1125 1394 1284 1436 Raubzug
1310 1394 1533 1427 machten.—

855 1441 1026 1480 egressi-
1043 1440 1133 1480 urb„
1152 1449 1177 1472 S.
1194 1440 1246 1481 22,
1261 1442 1314 1480 55,
1336 1440 1370 1477 8;
1395 1442 1420 1481 1,
1435 1442 1489 1481 29,
1502 1443 1531 1474 6.

855 1503 899 1508 -—-
925 1487 961 1516 in
987 1495 1025 1517 eo
1053 1504 1079 1508 -
1105 1494 1215 1525 num„
1248 1484 1312 1516 wie
1339 1495 1383 1516 eac
1407 1495 1445 1516 eo
1470 1495 1534 1517 nu-

856 1539 951 1561 mero
977 1529 1068 1562 steht
1092 1528 1306 1572 gewohnlich
1332 1529 1419 1562 ohne
1437 1529 1534 1562 Geni-

859 1574 917 1615 tiv‚
943 1575 997 1614 33,
1023 1576 1078 1614 24,
1101 1576 1140 1607 9:
1172 1576 1208 1606 in
1234 1585 1272 1606 eo
1298 1584 1466 1615 nnmer05
1493 1585 1534 1607 an

858 1629 890 1650 u.
908 1619 956 1651 St.
983 1619 1026 1651 ist
1051 1621 1275 1659 captivorum
1300 1619 1364 1651 wie
1388 1619 1439 1651 ein
1459 1629 1535 1662 epe-

860 1663 1069 1705 xegetischer
1086 1663 1220 1696 Genitiv
1244 1674 1286 1696 zu
1311 1675 1349 1696 eo
1376 1664 1534 1707 hinzuge-

859 1708 942 1751 ftigt,
970 1709 1033 1741 wie
1059 1710 1111 1747 33,
1131 1710 1233 1749 2⁴‚72
1263 1710 1298 1740 in
1324 1719 1362 1740 eo
1389 1719 1534 1742 numero

861 1753 1072 1794 legatorum.
1099 1772 1143 1777 —-
1168 1763 1254 1795 opus
1272 1771 1298 1776 —
1316 1754 1386 1792 fae.
1414 1753 1536 1787 Bauar-

860 1798 969 1830 beiten
990 1797 1186 1831 verrichten.
1202 1816 1241 1822 —
1258 1800 1394 1840 cogniti
1417 1798 1466 1832 als
1484 1798 1536 1832 die

860 1843 989 1876 welche
1018 1843 1066 1876 sie
1099 1853 1228 1885 waren,
1261 1853 1288 1877 s,
1319 1846 1345 1884 t,
1371 1846 1401 1884 6,
1433 1846 1465 1882 t;
1492 1844 1535 1876 ib.

859 1890 913 1930 39,
939 1891 969 1921 5.
994 1907 1038 1911 —-—
1062 1888 1159 1931 pulsi
1182 1899 1214 1921 a.
1242 1898 1273 1920 a.
1301 1887 1339 1930 f.,
1371 1888 1456 1921 nach
1482 1890 1536 1931 24,

865 1935 893 1974 1,
919 1935 938 1966 8
964 1932 1037 1966 sind
1063 1943 1099 1966 es
1123 1935 1242 1975 pauci,
1269 1933 1336 1976 vgl.
1362 1935 1414 1975 23,
1434 1935 1487 1974 30,
1505 1936 1534 1967 8.

859 1978 895 2011 In
928 1977 961 2011 d.
991 1978 1050 2020 Sp.
1081 1977 1159 2010 Hds.
1190 1978 1316 2011 lautete
1347 1977 1400 2010 die
1432 1977 1536 2012 Stelle

860 2025 922 2065 qui
946 2023 1141 2055 exulabant
1154 2022 1266 2064 Regii,
1291 2023 1388 2064 pulsi
1412 2024 1454 2054 ab
1472 2026 1535 2056 etc.

860 2067 948 2101 ohne
979 2078 1015 2099 se
1049 2068 1282 2100 contulerant.
1313 2085 1358 2090 —
1390 2066 1537 2109 Regium

860 2113 904 2146 ist
939 2111 1002 2145 den
1037 2112 1179 2144 Romern
1218 2111 1333 2144 immer
1371 2115 1441 2145 tren
1480 2123 1537 2156 ge-

862 2157 1003 2190 blieben.
1038 2176 1078 2180 —
1116 2161 1231 2189 cetera
1263 2156 1306 2189 ist
1338 2166 1403 2189 von
1432 2168 1538 2200 esu-po-

860 2204 1011 2234 suissent
1034 2202 1203 2244 abhangig
1220 2200 1287 2233 und
1302 2201 1335 2233 in
1353 2200 1465 2244 Bezug
1484 2203 1542 2235 auf

860 2257 955 2290 spem
979 2250 1117 2290 gesagt,
1143 2247 1196 2279 die
1215 2245 1340 2287 Jedoch
1366 2246 1458 2279 nicht
1481 2246 1539 2280 der

863 2292 925 2324 mit
948 2296 1063 2325 cetera
1088 2291 1326 2324 bezeichneten
1340 2290 1453 2324 Classe
1471 2302 1537 2325 von

864 2337 993 2380 Dingen
1019 2337 1194 2380 angehort,
1221 2345 1320 2368 wenn
1345 2345 1421 2368 man
1447 2336 1538 2370 nicht

864 2382 1052 2415 annehmen
1078 2381 1166 2422 will,
1197 2380 1274 2413 dass
1300 2380 1348 2413 sie
1373 2381 1457 2414 auch
1483 2392 1539 2425 ge-

863 2427 952 2469 sragt
977 2427 1105 2467 haben,
1130 2426 1172 2459 ob
1198 2425 1246 2458 sie
1272 2424 1382 2458 hoffen
1407 2425 1539 2460 dfirften

862 2472 896 2504 in
922 2471 992 2504 ihre
1005 2471 1158 2504 Heimath
1176 2469 1481 2504 zuriickzukehren.
1496 2490 1538 2496 -

861 2520 1041 2559 pet-cunct.
1068 2526 1099 2548 n.
1127 2517 1181 2556 iis,
1213 2525 1238 2549 s.
1265 2516 1319 2557 21,
1345 2517 1400 2557 32,
1424 2518 1456 2554 8;
1486 2518 1539 2557 22,
