1732 2840
71 97 97 118 a.
116 90 167 118 cn.
185 90 245 117 206.
485 77 608 112 LIBER
632 77 776 112 XXVIII.
825 78 919 115 CAP.
946 80 996 113 18.
1026 80 1076 113 19.

1406 77 1485 118 173

70 193 173 233 bello
194 192 312 233 rebus
332 191 473 243 gestis,
504 203 577 231 nec
601 191 798 240 dubitare,
829 193 924 243 quin
951 192 1106 244 Syphax
1135 203 1379 243 regnumque
1405 192 1489 232 eius
1509 201 1527 234 8

71 250 147 290 iam
167 250 208 289 in
225 249 490 288 Romanorum
512 254 643 287 essent
663 254 874 300 potestate:
898 260 980 288 eam
1001 255 1122 288 artem
1144 249 1199 288 illi
1219 249 1302 288 viro
1324 248 1369 288 ad
1392 261 1487 288 con-

71 306 259 346 ciliandos
288 305 439 344 animos
470 316 568 344 esse.
609 305 739 355 itaque
761 317 863 353 non,
898 317 976 356 quo
1005 305 1120 344 modo
1143 305 1352 358 Hispaniae
1373 306 1489 344 amis·
1509 313 1528 344 9

71 375 134 402 sae
155 362 255 410 sint,
276 360 541 413 quaerendum
562 361 684 412 magis
706 361 1090 412 Carthaginiensibus
1111 374 1218 410 esse,
1242 373 1379 413 quam,
1411 374 1488 413 quo

69 418 185 458 modo
206 417 375 458 Africam
395 417 590 457 retineant
610 418 874 469 cogitandum.
913 429 993 456 non
1014 417 1400 469 peregrinabundum
1420 430 1490 458 ne·
1514 426 1549 458 10

70 487 147 527 que
168 474 271 514 circa
299 486 481 514 amoenas
511 486 598 513 oras
617 481 816 525 vagantem
846 480 996 513 tantum
1028 474 1165 514 ducem
1187 474 1407 514 Romanum
1428 486 1490 514 re-

69 531 159 571 licta
180 530 380 582 provincia
395 542 516 570 novae
532 530 710 579 dicionis,
731 531 877 570 relictis
894 530 1142 579 exercitibus,
1164 530 1313 570 duabus
1330 530 1491 571 navibus

71 588 112 627 in
134 587 302 627 Africam
324 586 522 626 traiecisse
543 598 628 626 sese
649 588 689 626 in
711 587 891 627 hostilem
912 593 1078 635 terram,
1110 587 1150 626 in
1176 592 1407 639 potestatem
1429 600 1492 627 re-

73 645 186 696 giam,
207 644 249 683 in
268 643 383 683 fidem
404 643 659 695 inexpertam,
677 644 744 683 sed
766 643 979 695 potiundae
997 644 1148 683 Africae
1168 656 1278 695 spem
1294 643 1491 683 adfectan-

70 707 170 740 tem:
194 700 270 740 hoc
290 712 379 740 eum
394 700 469 739 iam
486 700 637 752 pridem
654 700 826 740 volutare
847 701 887 739 in
909 700 1052 748 animo,
1073 700 1150 739 hoc
1165 700 1292 752 palam
1313 700 1492 748 fremere,
1515 708 1550 740 11

72 757 178 808 quod
209 769 310 805 non,
341 769 457 808 quem
487 756 533 796 ad
563 757 721 796 modum
752 756 945 796 Hannibal
974 757 1015 796 in
1041 756 1168 806 Italia,
1200 757 1257 796 sic
1287 756 1420 808 Scipio
1450 756 1492 795 in

71 813 200 852 Africa
216 813 361 852 bellum
377 819 543 864 gereret.
580 814 712 865 Scipio
729 813 885 853 foedere
901 813 977 852 icto
995 825 1084 852 cum
1099 813 1274 865 Syphace
1291 813 1491 865 profectus
1515 820 1551 852 12

72 883 119 910 ex
139 869 288 917 Africa,
319 869 525 922 dubiisque
555 876 593 909 et
612 870 844 921 plerumque
873 869 995 909 saevis
1024 870 1065 908 in
1086 869 1164 909 alto
1186 871 1347 909 iactatus
1367 868 1492 908 ventis

72 926 134 966 die
155 932 293 977 quarto
316 938 436 965 novae
459 926 701 977 Carthaginis
722 932 880 977 portum
900 926 1038 964 tenuit.

186 982 398 1033 Hispaniae
419 983 521 1022 sicut
551 995 570 1021 a
592 982 693 1021 hello
715 983 865 1022 Punico
887 982 1040 1033 quietae
1070 986 1200 1030 erant,
1231 981 1282 1020 ita
1309 980 1493 1032 quasdam
1519 985 1563 1021 19

28 1086 31 1089 Ι
73 1038 244 1078 civitates
265 1044 427 1090 propter
448 1039 727 1078 conscientiam
749 1039 885 1090 culpae
901 1044 1008 1078 metu
1023 1038 1146 1088 magis
1163 1049 1278 1089 quam
1293 1038 1369 1077 fide
1385 1037 1494 1088 quie-

73 1102 131 1135 tas
152 1107 237 1135 esse
257 1094 489 1146 apparebat,
522 1107 685 1146 quarum
715 1107 894 1134 maxume
914 1095 1091 1146 insignes
1113 1101 1151 1133 et
1169 1093 1439 1144 magnitudine
1459 1100 1496 1133 et

73 1163 172 1191 noxa
217 1150 369 1202 Iliturgi
400 1157 438 1190 et
465 1151 619 1191 Castulo
652 1158 775 1191 erant.
819 1150 995 1199 Castulo,
1028 1163 1115 1190 cum
1146 1151 1347 1202 prosperis
1376 1150 1495 1189 rebus
1517 1158 1536 1190 2

73 1207 170 1247 socii
191 1206 381 1256 luissent,
412 1214 502 1259 post
523 1220 655 1248 caesos
677 1220 766 1247 cum
789 1207 1023 1247 exercitibus
1044 1207 1251 1259 Scipiones
1276 1207 1497 1246 defecerant

73 1264 120 1304 ad
140 1263 316 1312 Poenos;
349 1263 582 1315 iliturgitani
604 1264 840 1316 prodendis,
872 1264 939 1316 qui
961 1276 1006 1304 ex
1036 1263 1099 1303 illa
1122 1263 1230 1303 clade
1250 1263 1296 1303 ad
1319 1275 1384 1302 eos
1408 1275 1498 1315 per-

75 1385 178 1420 Vater
222 1395 288 1419 von
329 1385 503 1418 Hannibal.
527 1404 573 1409 —-
597 1386 684 1419 bello
721 1397 750 1418 7.

112 1430 199 1471 ,die
217 1431 465 1474 Wortstellung
488 1431 553 1464 wie
579 1433 610 1473 6,
636 1433 691 1474 23,
714 1434 750 1469 4;

75 1478 129 1518 23,
155 1478 211 1517 40,
236 1478 356 1509 2u.a.
380 1480 572 1517 -essent‚
596 1486 624 1510 s.
650 1478 752 1518 2‚55,

75 1524 113 1559 9;
140 1523 171 1562 8,
196 1523 250 1563 34,
274 1524 310 1560 5;
335 1521 380 1554 im
394 1521 490 1564 Folg.
514 1521 699 1563 Prasentia,
724 1531 751 1555 s.

74 1577 102 1600 c.
129 1567 184 1607 32,
199 1565 291 1606 1014
318 1568 349 1608 3,
363 1568 417 1607 50,
434 1569 624 1607 7.—eam,
648 1567 752 1611 praef.

79 1615 131 1645 11.
163 1630 207 1635 —
243 1612 432 1653 quaer-end.
469 1615 558 1644 etwa
595 1612 752 1645 Untersu-

77 1657 229 1699 chungen
268 1665 375 1699 gegen
412 1655 466 1689 die
506 1656 753 1699 geschlagenen

76 1700 268 1743 Feldherrn,
294 1710 321 1734 s,
349 1702 402 1742 38,
426 1702 480 1743 48,
507 1703 564 1739 133
599 1701 686 1734 doch
710 1701 755 1734 ist

76 1756 113 1779 es
138 1745 465 1787 wahrscheinlicher,
491 1745 569 1779 dass
594 1747 648 1779 ein
672 1748 754 1779 reli-

76 1794 187 1824 neunt
209 1790 492 1834 entsprechendes
511 1791 665 1825 Pradicat
688 1794 755 1832 (re-

78 1836 322 1879 cuperandae,
350 1835 591 1879 Wachendors)
614 1847 673 1870 aus
699 1846 756 1880 ge·

77 1881 180 1915 fallen
204 1881 263 1915 sei.
287 1901 332 1904 —
353 1883 581 1924 peregrinab.
612 1882 671 1915 hat
696 1892 757 1915 nur

76 1926 112 1959 L.
138 1926 206 1960 und
240 1937 301 1959 nur
334 1935 376 1958 an
407 1926 516 1960 dieser
539 1926 600 1968 St.,
629 1927 698 1971 vgl.
725 1929 756 1968 3,

79 1973 234 2012 3‚10.—
251 1981 398 2014 amoen„
423 1972 493 2015 vgl.
518 1972 584 2005 Cic.
609 1972 650 2006 de
675 1973 755 2016 imp.

78 2016 198 2059 Pomp.
225 2019 277 2057 14,
301 2019 356 2050 40.

129 2063 270 2094 10-12.
295 2062 422 2094 relicta
435 2072 501 2104 pr„
525 2071 561 2095 es
585 2061 668 2094 wird
682 2072 758 2095 vor-

80 2109 283 2149 ausgesetzt‚
308 2106 424 2141 Hasdr.
449 2107 561 2147 wisse,
586 2106 664 2140 dass
689 2107 757 2140 die-

80 2161 135 2185 ses
160 2151 254 2184 nicht
276 2151 362 2184 habe
375 2151 565 2195 geschehen
578 2151 707 2194 durren,
730 2163 758 2186 s.

81 2207 110 2229 c.
136 2197 190 2236 42,
205 2197 258 2230 21.
294 2207 406 2229 novae
430 2197 509 2239 dic,
533 2197 632 2230 freier
656 2198 756 2241 genit.

81 2241 170 2284 qual.
184 2259 228 2266 -
243 2243 421 2274 traiecisse
435 2253 519 2284 sese,
541 2242 624 2275 eben
640 2253 678 2276 so
693 2242 757 2276 Va-

81 2287 141 2320 ler.
153 2285 258 2319 Max*
285 2297 390 2328 quam
416 2291 541 2320 temere
565 2298 601 2319 se
617 2288 760 2327 Africa-

81 2342 149 2364 nus
173 2350 202 2355 —
227 2331 275 2364 ad
304 2331 501 2375 Syphacem
534 2334 693 2374 traiecil5
725 2343 760 2366 es

83 2376 188 2410 heisst
220 2387 261 2410 zu
291 2380 441 2410 terram:
473 2387 508 2411 es
538 2378 587 2411 sei
621 2378 760 2422 siberge-

83 2424 172 2454 setzt
207 2422 276 2454 und
308 2420 528 2464 gekommen,
565 2433 605 2456 zu
635 2423 761 2463 fidem.-

85 2466 170 2500 habe
203 2467 274 2500 sich
310 2467 480 2510 begeben;
525 2466 611 2501 doch
649 2468 761 2502 bieten

85 2514 218 2554 spatere
249 2511 322 2546 Hss.
348 2512 404 2553 (ob
437 2512 521 2545 auch
553 2511 606 2546 die
631 2512 688 2556 Sp.
718 2514 761 2546 ist

819 1386 1006 1429 ungewiss)
1034 1388 1212 1418 traiecisse
1238 1389 1271 1418 et
1290 1387 1500 1418 commisisse

820 1442 913 1472 sese,·
950 1431 994 1463 im
1025 1431 1102 1465 Put.
1133 1430 1216 1464 fehlt
1247 1432 1396 1463 navibus
1434 1430 1501 1463 und

819 1480 1037 1519 potestatem.
1063 1495 1108 1500 —-
1133 1476 1228 1518 quod
1251 1495 1279 1499 —
1301 1486 1418 1518 ξενον.
1444 1485 1499 1518 ge-

821 1522 897 1554 hort
921 1521 1084 1555 zunachst
1101 1532 1143 1554 zu
1167 1521 1328 1562 fremere,
1353 1521 1397 1554 ist
1422 1520 1501 1554 aber

821 1566 896 1600 dem
921 1567 1022 1600 Sinne
1048 1567 1134 1600 nach
1158 1566 1243 1599 auch
1267 1577 1309 1599 zu
1341 1566 1501 1598 volutare

821 1622 862 1645 zu
887 1611 1033 1652 denken,
1055 1612 1125 1654 vgl.
1146 1622 1174 1644 c.
1190 1614 1244 1650 44,
1261 1610 1500 1652 mit—spem

823 1656 969 1696 adfect.:
994 1656 1047 1689 die
1061 1655 1231 1698 Hoffnung
1256 1656 1342 1698 hege
1367 1655 1435 1688 und
1460 1665 1502 1688 zu

823 1701 1079 1734 verwirklichen
1105 1701 1226 1741 strebe,
1250 1701 1319 1744 vgl.
1345 1700 1406 1734 Ov.
1421 1700 1500 1733 Met.

824 1750 855 1788 5,
871 1748 933 1780 377
948 1758 955 1778 :
981 1757 1063 1778 nam
1083 1757 1161 1789 spes
1175 1745 1332 1785 adfectat
1345 1746 1504 1786 easdem,-

824 1791 956 1824 ahnlich
982 1802 1077 1834 spem
1104 1795 1240 1823 tentare
1265 1802 1293 1824 c.
1319 1793 1372 1832 38,
1391 1793 1431 1829 4;
1457 1791 1505 1823 ad

824 1847 920 1879 spem
945 1839 1107 1879 aspirare
1131 1839 1163 1878 4,
1178 1838 1232 1875 35,
1247 1838 1278 1877 6,
1303 1836 1372 1879 vgl.
1398 1846 1428 1869 c.
1452 1838 1505 1874 17,

828 1884 879 1916 10.
896 1901 938 1905 —
953 1882 1047 1921 foed.
1071 1884 1154 1922 icto,
1179 1881 1267 1914 ohne
1292 1880 1346 1914 die
1371 1884 1503 1924 gesetz—

823 1927 934 1960 lichen
959 1927 1208 1967 Formalitatem
1235 1937 1262 1960 s.
1287 1928 1340 1966 27,
1370 1929 1423 1967 17,
1451 1928 1503 1960 17.

824 1991 868 1996 -
882 1973 1008 2015 dubiis,
1031 1971 1238 2013 wechselnd,
1262 1972 1386 2005 unstat.
1399 1991 1443 1995 —
1458 1975 1503 2003 te-

825 2020 927 2059 nuit„
954 2019 1008 2058 21,
1033 2019 1088 2058 49,
1115 2019 1145 2051 2.

869 2061 1025 2098 19-20,
1050 2062 1252 2105 Bestrafung
1284 2072 1351 2094 von
1375 2061 1504 2104 Iliturgi

826 2108 894 2141 und
909 2107 1062 2146 Castulo;
1084 2107 1321 2151 Appian.1ber.
1338 2108 1396 2145 32;
1423 2106 1504 2140 Zon.

827 2155 859 2193 9,
888 2155 938 2186 10.

876 2199 972 2231 1-2.
1000 2208 1021 2229 a
1047 2197 1134 2230 bello
1154 2216 1183 2221 —
1208 2199 1326 2239 quiec„
1352 2197 1384 2237 2,
1399 2197 1452 2236 34,
1469 2199 1504 2230 1:

829 2253 908 2276 cum
932 2245 1051 2285 quieta
1077 2244 1195 2275 omnia
1221 2253 1242 2274 a
1268 2241 1354 2274 bello
1383 2245 1504 2282 essent,

830 2298 896 2321 von
922 2288 1035 2322 Seiten
1060 2287 1119 2321 des
1143 2287 1278 2330 Kriegs;
1304 2289 1336 2327 7,
1358 2289 1435 2329 1‚7;
1461 2287 1505 2320 ib.

829 2334 885 2375 22,
911 2335 943 2367 6.
967 2352 1012 2357 —-
1036 2333 1106 2365 Jlit.
1133 2336 1167 2364 et
1192 2331 1294 2372 Cast„
1319 2341 1346 2365 s.
1373 2333 1427 2372 23,
1452 2333 1507 2373 49,

831 2382 867 2417 5;
893 2380 1067 2421 26‚17,4;
1094 2379 1149 2418 24,
1174 2379 1229 2418 41,
1256 2376 1509 2416 7.—fuis⁸ent

829 2423 888 2456 hat
918 2423 989 2456 sich
1021 2422 1183 2456 zunachst
1215 2431 1257 2455 an
1285 2424 1376 2454 socii
1407 2431 1509 2465 ange—

830 2468 1015 2508 schlossen,
1039 2467 1126 2500 dann
1152 2467 1237 2500 auch
1263 2466 1342 2500 oder
1366 2477 1426 2510 per
1450 2477 1507 2511 sy-

830 2514 924 2546 nesin
939 2523 980 2546 an
997 2512 1148 2545 Castulo.
1175 2512 1377 2551 defecerant
1388 2512 1435 2553 (d.
1450 2512 1508 2555 Sp.
