1732 2840
57 121 83 143 a.
103 114 155 141 ch.
173 114 232 141 208.

524 101 646 135 LIBER
670 101 813 135 xxvssl.
863 101 955 136 CAP.
983 103 1034 136 15.

1401 103 1479 141 165

60 229 104 257 eo
127 217 213 270 ipso
234 216 383 264 acrius,
415 214 482 255 ubi
503 214 726 255 inclinatam
747 228 905 255 sensere
928 228 1031 264 rem,
1053 216 1218 256 victores
1240 227 1281 256 se
1304 216 1480 268 undique

61 274 304 321 inveherent,
331 284 405 312 nec
426 271 538 311 facile
559 271 727 323 impetus
748 273 932 312 sustineri
953 278 1099 324 posset,
1130 285 1365 324 quamquam
1386 273 1480 312 reti·
1499 282 1519 315 8

61 330 178 371 nebat
197 328 486 380 obsistebatque
516 328 745 367 cedentibus
767 328 1005 376 Hasdrubal,
1037 329 1083 368 ab
1115 336 1224 381 tergo
1256 341 1340 369 esse
1371 329 1481 369 collis

61 392 268 438 tutumque
288 390 511 437 receptum,
541 384 573 423 si
600 385 749 424 modice
779 397 821 425 se
851 385 1073 437 reciperent
1102 385 1322 434 clamitans,
1353 391 1481 425 tamen
1502 396 1522 428 9

60 445 241 483 vincente
262 449 368 482 metu
386 440 659 480 verecundiam
681 453 769 481 cum
791 441 991 494 proximus
1007 441 1174 493 quisque
1194 442 1345 481 hostem
1368 442 1482 482 cede-

61 506 134 549 ret,
156 505 262 549 terga
286 497 480 549 extemplo
504 497 601 546 data,
629 504 745 549 atque
767 499 806 537 in
828 498 958 549 fugam
979 510 1064 538 sese
1087 510 1223 538 omnes
1245 498 1480 538 effuderunt.

59 567 104 595 ac
128 555 256 608 primo
285 554 501 594 consistere
531 553 642 605 signa
673 555 713 593 in
743 554 938 594 radicibus
968 554 1124 594 collium
1155 566 1200 594 ac
1228 567 1410 594 revocare
1441 555 1480 594 in
1507 566 1541 598 10

61 612 219 652 ordines
240 611 402 651 militem
423 616 634 662 coeperant
656 611 933 651 cunctantibus
954 611 994 650 in
1017 611 1219 651 adversum
1241 611 1381 651 collem
1404 611 1481 651 eri-

61 681 153 720 gere
172 669 293 708 aciem
314 667 521 715 Romanis;
553 666 714 715 deinde,
748 673 791 706 ut
817 668 952 707 inferri
983 667 1138 720 inpigre
1159 668 1269 719 signa
1288 668 1482 715 viderunt,

61 726 251 777 integrata
281 725 370 775 suga
399 724 441 763 in
473 729 597 762 castra
627 724 756 775 pavidi
785 723 1088 776 compelluntur.
1130 736 1204 764 nec
1224 724 1362 776 procul
1385 723 1481 764 vallo
1506 734 1540 767 11

60 781 263 821 Romanus
284 780 428 828 aberat,
451 780 697 831 cepissetque
719 786 824 820 tanto
848 781 997 833 impetu
1019 786 1156 828 castra,
1179 781 1219 820 ni
1240 793 1282 820 se
1304 793 1348 820 ex
1369 781 1483 820 vehe-

60 838 181 878 menti
202 838 306 885 sole‚
338 837 462 888 qualis
492 837 595 876 inter
625 837 749 887 gravis
779 836 903 877 imbre
932 837 1057 877 nubes
1079 837 1259 888 effulget,
1290 842 1397 876 tanta
1429 837 1485 876 vis

61 906 183 946 aquae
200 894 418 941 deiecisset,
440 898 484 932 ut
497 893 558 932 vix
575 892 614 931 in
633 899 756 932 castra
777 906 847 933 sua
868 893 1089 945 receperint
1105 906 1146 933 se
1164 894 1342 941 victores,
1364 905 1484 944 quos·

61 951 147 990 dam
177 951 290 990 etiam
325 949 464 1001 religio
501 949 648 1001 ceperit
683 949 848 989 ulterius
878 949 1086 1001 quicquam
1124 962 1169 988 eo
1206 949 1267 989 die
1302 949 1482 989 conandi.

61 1007 371 1058 Carthagienses,
394 1017 628 1057 quamquam
649 1007 772 1045 sessos
787 1006 919 1045 labore
935 1018 979 1045 ac
996 1006 1223 1045 vulneribus
1240 1018 1318 1044 nox
1339 1005 1483 1045 imber·
1507 1014 1544 1047 12

37 1090 41 1094 -
60 1076 137 1115 que
158 1063 204 1103 ad
228 1062 485 1103 necessariam
508 1062 678 1113 quietem
698 1062 868 1110 vocabat,
898 1068 1040 1110 tamen,
1064 1062 1154 1114 quia
1174 1068 1302 1102 metus
1324 1068 1362 1101 et
1382 1062 1483 1114 peri·
1507 1071 1545 1104 13

60 1120 194 1161 culum
208 1118 385 1159 cessandi
402 1130 482 1158 non
500 1118 612 1158 dabat
626 1124 794 1171 tempus,
811 1119 936 1171 prima
952 1119 1039 1158 luce
1051 1119 1338 1171 oppugnaturis
1361 1119 1485 1158 hosti·

61 1199 102 1230 st.
117 1195 175 1230 des
189 1195 263 1229 hds.
280 1197 411 1229 acies.-
422 1195 738 1228 ubi—sensAErkla-

60 1251 237 1320 {1223111313
254 1251 452 1319 ξῑῖιῖῗὶῖεη
475 1240 628 1319 νὲἕῖἶῖἰὲἕ
640 1240 738 1327 «ζ’ῗὲῗ

64 1333 103 1366 15
128 1331 323 1364 erwahnten
337 1331 431 1363 Hohe
449 1330 644 1374 aufgestellt
657 1341 736 1371 war,

59 1377 104 1410 ist
112 1375 503 1417 vorhernichtbemerkt,
517 1386 541 1410 s.
553 1386 592 1408 zu
604 1386 630 1409 c.
644 1378 695 1414 13,
706 1378 736 1410 ὃ.

105 1424 228 1456 9-10,
253 1421 449 1462 verecund.‚
474 1431 501 1454 S.
525 1423 581 1462 27,
607 1422 658 1462 12,
680 1424 735 1459 15;

61 1469 116 1508 30,
144 1468 194 1506 18,
220 1469 253 1501 8:
279 1466 420 1509 pudor;
450 1465 484 1498 L.
509 1465 567 1498 hat
591 1466 644 1499 die
669 1467 737 1499 ein-

59 1511 156 1545 fache
180 1511 371 1554 Erzahlung
404 1511 457 1544 bei
485 1511 557 1544 Pol.
584 1522 611 1544 c.
638 1513 691 1553 24,
717 1514 735 1544 7

61 1557 259 1600 ausgemalt.
271 1576 314 1582 -
328 1558 518 1600 proximus
532 1576 557 1579 —
575 1557 661 1597 ced„
686 1557 735 1589 in-

59 1602 135 1636 dem
160 1601 214 1635 die
238 1602 313 1635 dem
339 1601 461 1635 Feinde
486 1601 735 1635 zunachstSte-

58 1647 210 1688 henden‚
245 1646 299 1679 die
329 1647 445 1679 seinen
476 1646 649 1689 Angrifl'en
683 1657 736 1680 am

59 1692 214 1733 meisten,
237 1702 264 1724 s.
289 1691 310 1734 ξ
331 1693 370 1724 7:
397 1702 435 1723 eo
461 1694 592 1732 acrius,
615 1701 736 1734 ausge-

59 1740 147 1771 setzt
170 1746 295 1777 waren,
320 1735 578 1769 zuriickwichen
602 1736 671 1769 und
685 1736 738 1770 die

59 1782 200 1825 fibrigen
214 1781 456 1824 sortdrangten,
480 1781 549 1824 vgl.
566 1792 595 1814 c.
609 1783 663 1823 22,
680 1784 736 1820 14;

59 1829 115 1869 23,
139 1830 176 1865 4;
202 1826 281 1860 Tac.
300 1826 337 1859 H.
352 1828 453 1868 3,16.
484 1829 670 1869 proximus
694 1827 738 1860 ist

59 1873 121 1906 mit
144 1873 274 1904 hostem
298 1882 340 1904 zu
364 1871 558 1913 verbinden,
582 1872 737 1915 obgleich

59 1917 130 1952 sich
166 1927 228 1950 nur
263 1917 396 1960 wenige
428 1916 594 1960 Beispiele
628 1917 738 1950 dieser

59 1963 248 1996 Construct.
265 1961 389 2003 finden,
413 1971 452 1995 so
468 1963 530 1995 mit
541 1966 648 2004 stare,
672 1963 737 1996 wie

59 2007 109 2041 ost
129 2009 318 2050 prooeimus
342 2007 429 2040 ohne
453 2007 652 2048 Accusativ,
681 2009 737 2050 29,

62 2055 94 2094 7,
119 2054 154 2091 6;
186 2054 373 2095 promimus
405 2052 511 2093 finem
540 2072 567 2076 —
601 2057 651 2085 est
681 2055 736 2095 35,

62 2099 116 2139 27,
142 2098 179 2139 93
211 2099 400 2140 promimus
434 2108 552 2139 regem
576 2097 656 2131 Tac.
684 2101 735 2137 15,

64 2145 121 2181 15;
151 2151 229 2175 man
260 2141 388 2175 konnte
411 2142 514 2176 daher
547 2144 640 2175 hosti
668 2142 737 2176 und

60 2188 158 2222 einen
183 2187 325 2220 zweiten
338 2187 529 2231 Superlativ
553 2191 736 2222 erwarten:

60 2234 247 2276 proximus
265 2251 293 2255 —
314 2233 407 2266 hosti
427 2235 564 2276 primus
589 2233 737 2275 cederet,

61 2278 130 2322 vgl.
156 2278 223 2312 Cic.
248 2275 342 2310 Verr.
367 2280 398 2319 5,
422 2280 476 2320 34,
492 2280 552 2312 90:
578 2282 619 2311 ut
642 2281 736 2321 quis-

63 2334 129 2366 que
151 2326 348 2366 postremus
370 2325 408 2355 in
432 2323 520 2365 fuga
545 2325 596 2356 ita
617 2326 655 2356 in
675 2335 736 2366 pe-

62 2368 177 2401 riculo
215 2370 382 2411 princeps
420 2373 517 2410 erat;
554 2368 739 2402 Kindscher

62 2413 255 2447 vermuthet
276 2415 481 2456 proximum
505 2414 573 2446 sibi
593 2416 739 2457 quisque

64 2459 195 2491 hostem
231 2458 408 2498 crederet;
442 2457 511 2501 vgl.
549 2462 582 2499 6,
618 2461 668 2499 13,
702 2461 738 2493 3:

64 2503 268 2536 cadentibus
291 2505 416 2546 primis
440 2505 512 2535 iam
536 2504 629 2536 adse
646 2506 738 2546 quis-

63 2559 130 2590 que
149 2552 400 2592 perventuram
413 2548 553 2582 caedem
566 2550 739 2582 cernebat.

805 1215 849 1220 —
875 1198 1082 1235 consistere,
1109 1195 1187 1228 Halt
1211 1196 1369 1238 macheu,
1404 1206 1430 1229 s.
1457 1206 1486 1230 c.

809 1243 862 1281 16,
885 1243 919 1279 5;
936 1242 989 1283 24,
1004 1242 1058 1282 31,
1074 1242 1113 1282 23
1139 1241 1279 1282 Subject
1303 1241 1347 1274 ist
1369 1244 1486 1283 signa,

806 1285 958 1329 dagegen
983 1296 1025 1318 zu
1049 1296 1218 1318 revocare
1242 1305 1270 1310 —
1296 1290 1486 1329 coeperant

806 1330 859 1364 die
893 1331 1075 1370 Ansuhrer;
1115 1331 1229 1363 Duker
1264 1341 1367 1364 verm.
1405 1341 1486 1364 con-

805 1378 960 1409 stituere.
975 1395 1019 1400 —
1034 1378 1174 1418 integr„
1200 1375 1234 1409 L.
1259 1376 1400 1410 braucht
1423 1376 1484 1409 das

806 1421 928 1454 vorher
950 1422 984 1454 in
1008 1421 1112 1454 Prosa
1139 1421 1267 1454 seltene
1301 1424 1485 1463 integrare

806 1470 847 1500 st.
873 1467 1120 1508 redintegrare
1145 1466 1204 1508 oft,
1236 1477 1263 1500 s.
1288 1468 1319 1509 9,
1343 1469 1399 1509 43,
1427 1469 1483 1505 17;

810 1514 860 1552 10,
882 1514 936 1553 20,
957 1514 996 1545 14
1022 1522 1106 1545 uSW.
1133 1530 1178 1536 —
1201 1522 1237 1543 se
1261 1531 1290 1536 —
1316 1512 1484 1553 deiecz‘ss,

806 1567 833 1590 s.
858 1567 885 1590 c.
911 1559 942 1598 6,
972 1559 1021 1590 10.
1069 1557 1202 1590 Ebenso
1226 1556 1346 1600 Polyb.
1374 1568 1401 1590 c.
1427 1558 1483 1595 24,

805 1603 836 1635 9.
882 1601 1052 1635 Wahrend
1087 1602 1146 1635 der
1180 1601 1395 1644 Darstellung
1431 1602 1483 1635 Ls'

804 1647 865 1679 mit
889 1647 947 1680 der
960 1647 1019 1679 des
1033 1647 1153 1690 Polyb.
1173 1647 1216 1679 im
1232 1647 1484 1680 Wesentlichen

805 1692 1082 1732 fibereinstimmt‚
1109 1692 1213 1725 bietet
1237 1691 1286 1724 sie
1309 1691 1396 1724 doch
1420 1691 1484 1724 Zu-

807 1737 910 1777 satze,
935 1747 961 1769 s.
987 1747 1016 1769 c.
1046 1739 1097 1778 15,
1123 1739 1161 1777 33
1190 1738 1243 1777 14,
1271 1738 1310 1770 16
1334 1736 1402 1769 und
1415 1737 1484 1769 Ab·

808 1781 1030 1824 weichungen
1055 1792 1121 1814 von
1144 1782 1331 1823 dei-selben,
1355 1781 1485 1815 welche

805 1827 840 1859 L.
867 1827 972 1860 selbst
1004 1836 1063 1860 aus
1095 1827 1186 1860 einer
1216 1826 1341 1860 andern
1367 1826 1485 1865 Quelle

805 1871 1027 1915 hinzugeffigt
1051 1872 1132 1905 oder
1155 1872 1260 1905 sehon
1284 1872 1318 1904 in
1343 1871 1403 1905 der
1414 1872 1485 1905 ihm

805 1917 1046 1960 vorliegenden
1069 1916 1284 1960 Darstellung
1316 1916 1484 1960 gesunden

805 1962 914 1995 haben
939 1963 1046 2003 kann,
1081 1963 1149 2006 vgl.
1175 1964 1229 2003 27,
1257 1964 1307 2003 18,
1334 1964 1399 2005 20;
1429 1963 1484 2003 22,

804 2009 859 2048 49,
888 2010 916 2041 1.
941 2027 986 2031 -
1010 2018 1174 2049 recepmn,
1206 2007 1266 2040 das
1298 2007 1330 2039 in
1364 2006 1484 2050 Folge-

804 2053 918 2086 satzen
944 2063 981 2086 so
1007 2052 1141 2096 haufige
1153 2052 1287 2085 Persect
1311 2052 1384 2085 tritt
1398 2052 1484 2084 auch

804 2098 890 2131 nach
926 2097 1001 2130 dem
1039 2097 1218 2140 negativen
1248 2096 1483 2139 Bedingungs-

805 2146 897 2177 satze
929 2142 975 2175 im
999 2141 1183 2186 Plusqprf„
1217 2141 1258 2175 da
1288 2141 1397 2175 dieser
1429 2141 1484 2175 die

805 2188 1031 2231 Behauptung
1055 2188 1147 2221 eines
1162 2188 1318 2221 Factums
1343 2186 1484 2228 euthalt,

806 2243 847 2266 an
873 2244 904 2267 u.
922 2233 991 2267 St.:
1017 2233 1078 2265 sed
1100 2244 1136 2265 se
1161 2232 1297 2273 deiecit,
1322 2232 1386 2272 ein,
1411 2242 1438 2265 s.
1453 2242 1483 2265 c.

809 2281 861 2321 16,
887 2280 922 2317 23
948 2279 1003 2319 25,
1031 2280 1081 2319 13,
1110 2280 1166 2315 12;
1198 2279 1252 2318 42,
1278 2279 1331 2315 66,
1358 2278 1393 2315 8;
1427 2278 1484 2318 43,

805 2326 838 2366 4,
867 2326 881 2357 1
909 2334 940 2357 u.
966 2333 1007 2365 a.‚
1031 2323 1102 2366 vgl.
1128 2325 1182 2363 26,
1209 2325 1264 2364 31,
1291 2325 1323 2360 1;
1349 2323 1404 2363 38,
1428 2325 1484 2363 31,

807 2371 844 2407 3;
870 2368 901 2402 d.
929 2368 986 2412 Sp.
1012 2368 1069 2401 Hs.
1096 2368 1154 2401 hat
1178 2367 1248 2400 hier
1273 2369 1484 2409 reciperent,

806 2414 872 2447 wie
895 2416 949 2454 27,
979 2415 1029 2452 16,
1055 2415 1073 2446 7
1096 2423 1127 2446 u.
1142 2422 1184 2454 a.,
1208 2412 1276 2455 vgl.
1298 2413 1352 2452 27,
1377 2414 1431 2454 34,
1451 2414 1483 2446 4.

809 2478 850 2483 -—
874 2459 976 2500 relig.
1003 2469 1074 2501 cep.
1101 2461 1176 2499 etc„
1200 2457 1268 2500 vgl.
1285 2458 1404 2499 29,18‚
1422 2460 1480 2498 17;

808 2506 839 2546 2,
865 2505 920 2544 62,
944 2505 974 2536 2.

856 2550 999 2583 13—16.
1025 2550 1219 2591 oppugnat.
1233 2548 1318 2580 host.
1341 2547 1387 2581 ist
1399 2546 1483 2580 eben
