1732 2840
248 98 328 135 124
705 99 830 132 LIBER
856 100 982 132 xxvu.
1031 100 1124 133 CAP.
1151 102 1204 133 50.

1522 119 1549 139 a:
1568 119 1596 139 u.
1614 112 1676 138 547.

205 223 224 254 2
245 215 435 267 pervenit.
478 214 552 253 iter
581 214 664 252 eius
693 214 914 265 frequentia
944 214 1116 263 minore,
1149 214 1238 266 quia
1270 226 1384 253 nemo
1409 220 1674 267 praecesserat

248 272 423 318 nuntius,
447 271 588 310 laetitia
610 282 699 309 vero
722 276 839 323 tanta,
861 271 922 309 vix
941 276 984 310 ut
1001 276 1201 322 compotes
1218 271 1406 310 mentium
1426 283 1517 323 prae
1534 263 1686 326 gaudio}

205 336 224 368 3
245 334 395 376 essent,
427 326 664 367 celebratum
696 334 766 366 est.
809 340 898 366 nam
919 326 1065 367 Romae
1096 332 1236 367 neuter
1266 327 1385 366 animi
1407 327 1560 367 habitus
1582 327 1686 369 satis}

246 385 320 423 dici
353 383 605 434 enarrarique
636 389 787 434 potest,
825 396 897 422 nec
926 396 1003 434 quo
1034 384 1181 423 incerta
1213 385 1482 436 expectatione
1512 371 1688 424 eventusl

206 449 225 480 4
247 441 378 480 civitas
408 441 552 489 suerat,
584 452 657 479 nec
686 452 765 491 quo
796 440 979 479 victoriae
1004 440 1142 480 famam
1163 440 1326 491 accepit.
1368 453 1581 492 numquam
1604 442 1688 493 per¹

247 497 375 536 omnis
406 497 509 544 dies,
542 509 588 535 ex
619 509 696 548 quo
722 496 923 536 Claudium
947 497 1147 536 consulem
1170 498 1390 548 profectum
1412 498 1511 537 sama
1532 496 1674 544 attulit,
1730 527 1732 535 .

247 554 292 593 ab
323 559 407 593 orto
439 554 521 593 sole
551 553 596 591 ad
619 552 861 592 occidentem
883 558 949 592 aut
969 559 1128 593 senator
1151 553 1360 605 quisquam
1387 566 1406 593 a
1429 554 1535 593 curia
1557 533 1691 605 atquel

206 619 225 650 5
245 610 292 650 ab
315 609 603 661 magistratibus
624 609 832 658 abscessit,
864 615 930 648 aut
950 610 1122 662 populus
1144 623 1164 649 e
1196 611 1300 657 foro;
1333 616 1554 657 matronae,
1585 604 1692 671 quial
1731 639 1732 664 ,

248 667 345 706 nihil
376 667 415 706 in
447 667 543 717 ipsis
576 666 661 717 opis
684 672 782 713 erat,
818 667 858 705 in
880 679 1016 718 preces
1038 667 1397 718 obtestationesque
1419 679 1571 714 versae,
1605 674 1693 717 per·

206 729 225 761 6
247 724 377 762 omnia
398 723 559 762 delubra
579 735 695 774 vagae
717 723 920 774 suppliciis
941 723 1118 774 votisque
1140 723 1300 775 fatigare
1322 724 1427 763 deos.
1470 729 1546 763 tam
1568 722 1675 763 solli-

247 779 345 818 citae
376 792 419 818 ac
452 792 666 830 suspensae
695 779 837 818 civitati
860 780 958 818 fama
979 779 1127 819 incerta
1149 780 1275 831 primo
1297 780 1435 820 accidit
1456 780 1554 819 duos
1579 779 1676 818 Nar-

247 836 405 876 nienses
436 836 586 887 equites
618 836 657 875 in
691 841 837 885 castra,
878 848 977 887 quae
1008 836 1048 875 in
1077 836 1255 876 saucibus
1285 836 1466 876 Umbriae
1495 836 1696 888 opposita»

206 901 223 931 7
247 898 373 940 erant,
390 892 543 931 venisse
560 905 604 931 ex
622 893 771 944 proelio
791 892 1016 932 nuntiantes
1033 905 1167 932 caesos
1186 893 1321 932 hostis.
1354 900 1391 932 et
1408 893 1534 944 primo
1551 893 1675 944 magis
1692 879 1696 924 1

247 949 408 988 auribus
430 961 545 1000 quam
563 949 702 987 animis
720 949 755 987 id
775 955 978 1000 acceptum
997 955 1091 997 erat,
1111 955 1152 989 ut
1169 949 1293 989 maius
1308 949 1538 1001 laetiusque,
1561 962 1677 1001 quam

249 1006 354 1057 quod
383 1012 512 1044 mente
545 1018 683 1057 capere
713 1012 779 1044 aut
808 1006 900 1045 satis
929 1006 1088 1045 credere
1118 1012 1303 1057 possent,
1336 1012 1372 1045 et
1394 1007 1476 1057 ipsa
1499 1006 1698 1071 celeritas}

207 1069 226 1101 8
246 1062 360 1100 fidem
382 1062 628 1113 impediebat,
651 1062 755 1113 quod
778 1062 895 1101 biduo
917 1067 1006 1101 ante
1029 1069 1245 1114 pugnatum
1272 1062 1486 1102 dicebatur.
1529 1062 1678 1102 litterae

249 1118 388 1158 deinde
410 1119 455 1157 ab
474 1118 516 1156 L.
535 1118 675 1157 Manlio
695 1118 859 1157 Acidino
882 1119 1022 1158 missae
1045 1131 1091 1157 ex
1112 1119 1248 1158 castris
1269 1119 1500 1158 adferuntur
1517 1119 1563 1158 de
1580 1118 1676 1158 Nar-

208 1182 226 1213 9
249 1175 445 1214 niensium
480 1176 655 1226 equitum
687 1175 866 1214 adventu.
909 1175 980 1215 hae
1010 1175 1159 1215 litterae
1189 1187 1260 1227 per
1288 1176 1414 1214 sorum
1438 1175 1484 1214 ad
1507 1165 1702 1269 tribunali

249 1275 301 1308 bei
326 1274 384 1308 der
399 1274 676 1317 Unterstt'itzung,
702 1275 755 1307 die
774 1275 860 1307 Nero
879 1285 928 1307 er-

249 1319 346 1361 hielt,
373 1323 612 1353 voraussetzen
638 1320 768 1361 lassen,
802 1319 929 1353 konnte

249 1366 316 1398 wol
348 1365 406 1397 der
440 1365 524 1408 Weg
557 1375 622 1398 von
661 1368 749 1398 etwa
783 1367 928 1407 300,000

248 1409 373 1443 Schritt
397 1410 430 1442 in
456 1409 514 1442 der
532 1410 773 1453 angegebenen
788 1411 860 1443 Zeit
874 1421 929 1443 zu-

248 1455 446 1498 rtickgelegt
471 1455 675 1488 werden.——-
699 1460 803 1497 atque
829 1457 873 1496 Ιι.,
898 1457 930 1496 8,

999 1274 1183 1307 abscedet-e
1201 1285 1222 1306 α
1247 1274 1298 1307 fiir
1315 1274 1423 1308 locale
1438 1274 1679 1317 Verlialtnisse,
1699 1272 1702 1313 1

999 1320 1051 1353 bei
1077 1319 1220 1352 anderen
1247 1319 1311 1352 den
1340 1319 1473 1353 blossen
1499 1319 1608 1352 Ablat.
1635 1338 1678 1343 —-
1701 1319 1702 1322 ’

997 1365 1159 1408 supplic„
1191 1366 1244 1402 22,
1270 1367 1324 1406 57,
1350 1367 1382 1398 5.
1414 1384 1457 1389 ———
1489 1367 1628 1397 civitati
1651 1383 1680 1388 -

999 1421 1085 1451 aec„
1110 1410 1178 1453 vgl.
1205 1411 1377 1450 24,46,52
1404 1412 1541 1443 sonitus
1566 1430 1594 1433 —
1621 1420 1677 1442 ac-

1000 1456 1118 1488 cidens
1145 1456 1302 1495 auribus,
1327 1454 1413 1488 doch
1439 1455 1502 1488 soll
1527 1465 1569 1488 an
1583 1466 1614 1490 u.
1629 1454 1678 1488 St.

251 1502 302 1542 17,
321 1502 354 1534 1:
383 1500 429 1532 ad
454 1503 591 1533 moenia
611 1501 873 1543 alquezu·bem,·
899 1503 929 1541 3,

250 1548 303 1586 70,
335 1548 388 1581 15:
415 1545 568 1588 dagegen
594 1547 612 1587 ξ
639 1549 658 1579 4
684 1550 788 1588 alque
815 1547 874 1587 ab,
901 1556 926 1579 s.

249 1593 302 1631 23,
334 1593 387 1631 34,
420 1593 449 1625 S.
484 1610 524 1613 —
559 1602 660 1623 nemo
698 1593 856 1632 nuntim,
894 1591 928 1625 L.

250 1636 389 1668 braucht
414 1636 458 1668 im
477 1636 671 1668 Nominativ
688 1636 803 1669 immer
829 1647 927 1669 nemo

226 1681 355 1724 ¹neben
383 1681 642 1723 Substantiven‚
677 1681 770 1715 nicht
798 1682 928 1722 nullus,

250 1726 310 1760 das
324 1726 462 1759 letztere
476 1726 519 1758 im
536 1726 633 1759 Dativ
647 1726 714 1759 und
731 1727 818 1768 Abl.,
839 1726 929 1759 nicht

249 1771 302 1804 die
317 1771 420 1804 Casus
434 1782 500 1804 von
516 1782 626 1813 nemO,
642 1774 695 1813 28,
709 1774 762 1813 32,
775 1774 812 1806 6:
828 1782 927 1804 nemo

250 1817 367 1856 miles,·
395 1819 448 1857 26,
463 1818 516 1856 41,
532 1819 570 1850 3:
595 1827 695 1849 nemo
714 1820 929 1858 imperator,-

250 1863 304 1903 23,
323 1864 373 1901 15,
391 1864 424 1894 11
441 1874 446 1893 ;
466 1872 565 1893 nemo
583 1864 687 1901 cl't·7's;
703 1864 733 1902 3,
749 1864 802 1904 66,
817 1864 836 1894 5
852 1872 883 1896 u.
901 1872 929 1894 a.

296 1908 396 1940 3-5.
420 1917 521 1947 nam,
555 1916 592 1939 so
619 1906 716 1939 stand
743 1917 778 1939 es
808 1907 841 1939 in
865 1906 930 1939 den

253 1951 453 1994 Gegenden,
493 1950 595 1984 durch
633 1951 686 1984 die
723 1951 809 1984 Nero
847 1962 928 1993 zog;

252 1996 420 2029 schwerer
451 1996 495 2029 ist
528 2006 563 2029 es
598 1996 650 2029 die
675 1996 865 2039 Stimmung
897 1996 929 2028 in

252 2042 335 2075 Rom
361 2053 400 2074 zu
416 2041 595 2082 schildern,
622 2041 708 2074 denn
725 2052 810 2075 uSW.
828 2041 931 2073 kurz:

251 2097 291 2120 zu
318 2087 399 2120 Rom
426 2087 565 2127 sreilich,
591 2087 775 2129 naturlich,
805 2086 874 2129 vgl.
901 2096 929 2119 c.

250 2135 305 2173 44,
331 2135 367 2171 7;
401 2134 454 2173 28,
484 2134 534 2173 15,
559 2134 590 2165 5.
615 2151 658 2156 —-
683 2143 751 2174 quo
779 2151 806 2156 -
832 2142 929 2163 aece-

251 2180 305 2219 pit
328 2177 499 2210 enthalten
516 2187 577 2210 nur
589 2176 772 2210 Merkmale
787 2187 851 2209 von
868 2177 930 2209 Ιια-

252 2224 354 2263 bitus,
379 2223 467 2255 ohne
484 2221 678 2264 Beziehung
702 2222 761 2254 aus
775 2222 848 2254 dici
870 2233 931 2264 po-

254 2272 328 2308 lest,
355 2270 408 2308 28,
436 2271 466 2308 5,
485 2270 522 2305 6;
550 2267 635 2300 doch
661 2267 792 2300 scheint
817 2267 847 2299 d.
873 2266 930 2310 Sp.

255 2312 331 2346 Hds.
357 2313 469 2352 fuet-ic
489 2332 513 2335 —
542 2314 717 2355 acceperit
742 2312 865 2354 gehabt
891 2322 932 2344 zu

254 2358 372 2390 baben.
399 2377 438 2381 —
467 2359 508 2390 ab
535 2362 612 2390 orto
639 2360 714 2397 etc.,
739 2357 806 2400 vgl.
832 2359 885 2399 26,
900 2358 931 2398 9,

254 2404 285 2434 9.
323 2405 442 2443 eur-ia,
475 2414 541 2435 von
568 2402 626 2436 der
651 2402 746 2435 Curie
771 2412 867 2445 weg,
898 2402 931 2434 in

254 2447 354 2480 deren
381 2447 473 2480 Nalie
500 2448 553 2480 die
577 2447 772 2490 Magistrate
806 2457 929 2480 waren.

255 2512 296 2516 -
312 2504 328 2524 e
344 2492 437 2533 fot-o,
464 2493 633 2526 vielleicht
651 2503 706 2525 um
731 2491 930 2525 abzuwech-

254 2537 344 2576 seln,
381 2538 594 2580 gewohnlich
632 2537 772 2570 braucht
808 2537 841 2571 L.
878 2537 931 2569 bei

999 1501 1056 1534 der
1092 1500 1190 1533 Dativ
1230 1499 1283 1533 die
1324 1500 1560 1543 Betheiligung
1603 1510 1680 1533 aus-
1702 1451 1707 1555 1

998 1546 1160 1587 driicken,
1184 1545 1251 1588 vgl.
1278 1547 1397 1578 venire
1423 1547 1453 1586 9,
1468 1548 1523 1588 33,
1538 1547 1555 1578 2
1583 1556 1613 1578 u.
1629 1546 1679 1584 ἓ.;

998 1591 1150 1634 dagegen
1166 1591 1213 1622 ad
1226 1601 1289 1622 nos
1303 1591 1464 1623 accidere
1483 1592 1535 1631 21,
1554 1593 1604 1631 10,
1621 1592 1678 1629 12;
1704 1559 1708 1621 1

1003 1639 1052 1678 10,
1078 1639 1131 1677 41,
1158 1638 1195 1673 7;
1229 1636 1444 1678 gewohnlich
1469 1636 1556 1668 ohne
1581 1635 1679 1668 Dativ
1705 1627 1709 1662 1

1000 1692 1078 1723 voa‘,
1105 1682 1203 1721 fama
1229 1680 1364 1713 accidie
1387 1691 1418 1713 u.
1445 1681 1488 1723 5„
1513 1691 1542 1715 c.
1560 1683 1611 1722 15,
1628 1682 1679 1714 16.
1706 1667 1710 1717 l

999 1746 1041 1751 —
1052 1729 1168 1769 primo
1183 1746 1207 1750 —
1223 1730 1256 1758 ec
1268 1728 1395 1768 primo,
1409 1726 1468 1759 auf
1479 1726 1538 1759 das
1555 1729 1679 1759 erstere

999 1772 1131 1805 bezieht
1143 1771 1214 1804 sich
1229 1771 1288 1804 das
1302 1772 1349 1812 §8
1364 1771 1520 1813 folgende
1535 1771 1681 1812 dez'nde5
1708 1802 1710 1808 ,

999 1817 1059 1850 das
1085 1817 1205 1850 zweite
1228 1819 1344 1858 primo
1369 1816 1459 1849 steht
1478 1815 1589 1857 allein,
1615 1816 1681 1849 wie
1708 1815 1711 1857 i

1000 1873 1029 1896 c.
1045 1864 1098 1902 47,
1115 1864 1144 1894 9.
1159 1880 1194 1886 —-
1216 1860 1330 1894 Narn.
1346 1872 1408 1902 eq„
1426 1861 1495 1903 vgl.
1510 1863 1565 1902 29,
1583 1864 1633 1901 15,
1647 1864 1679 1894 5.
1709 1866 1711 1873 ⁴

999 1927 1043 1931 —
1068 1917 1173 1948 quam
1199 1906 1302 1948 quod,
1328 1906 1395 1947 vgl.
1422 1907 1474 1946 22,
1492 1908 1597 1947 51,3;
1624 1908 1678 1948 33,
1709 1913 1713 1938 2

1000 1954 1054 1991 32,
1070 1954 1105 1985 6:
1129 1951 1441 1992 maim-gaudium,
1464 1961 1568 1993 quam
1584 1951 1680 1993 quod
1710 1939 1714 1984 1

1000 1999 1203 2028 universum
1229 1996 1385 2028 homines
1411 2000 1588 2038 caperent.
1712 2008 1714 2034 ,1

1046 2043 1144 2074 8—9.
1170 2040 1209 2074 L.
1236 2040 1357 2082 Manl„
1386 2051 1412 2074 s.
1438 2050 1467 2075 c.
1493 2044 1614 2082 ³435,
1640 2043 1678 2080 33
1711 2037 1715 2072 ἶ

1000 2097 1034 2120 er
1058 2087 1102 2119 ist
1126 2085 1405 2119 wahrsclieinlich
1426 2086 1489 2119 wie
1503 2086 1680 2120 Terentius
1712 2078 1715 2112 1

1002 2131 1105 2164 Varro
1141 2141 1206 2163 von
1243 2130 1318 2164 dem
1355 2131 1568 2174 Stadtpriitor
1603 2141 1680 2164 cum
1713 2115 1716 2172 1

1000 2177 1139 2220 imperio
1165 2186 1204 2208 an
1231 2176 1284 2208 die
1305 2176 1419 2219 Spitze
1444 2176 1502 2210 der
1526 2177 1678 2220 legiones
1713 2174 1717 2208 i

1001 2222 1145 2254 urbanae
1172 2221 1308 2264 gestellt
1334 2221 1399 2254 und
1420 2222 1503 2255 nach
1522 2222 1679 2255 Umbrien
1714 2224 1717 2253 1

1002 2266 1177 2310 geschickt
1202 2266 1359 2307 worden,
1392 2277 1419 2300 s.
1445 2277 1473 2299 c.
1499 2269 1554 2308 43,
1578 2269 1609 2300 9,
1633 2285 1678 2291 —·
1716 2273 1717 2298 1

1003 2312 1049 2344 ad
1069 2313 1229 2353 trib.p7·.,
1255 2311 1313 2344 das
1338 2311 1594 2355 urspriingliche
1607 2311 1679 2344 Tri·
1715 2308 1718 2343 ἰ

1002 2357 1120 2398 huual,
1159 2356 1305 2389 welches
1336 2357 1406 2389 hier
1442 2356 1590 2399 gemeint
1622 2357 1677 2398 ist,
1716 2352 1720 2413 Ῑ

1001 2401 1097 2435 stand
1124 2402 1155 2433 in
1182 2401 1239 2434 der
1254 2401 1347 2435 Nahe
1372 2402 1429 2434 der
1444 2401 1551 2443 Curie,
1581 2404 1678 2443 1,30,
1717 2416 1720 2444 i

1001 2449 1032 2487 2,
1047 2446 1114 2489 vgl.
1129 2449 1184 2487 45,
1201 2449 1251 2486 44,
1266 2449 1301 2480 4:
1329 2447 1376 2479 ad
1391 2447 1510 2486 forum
1536 2457 1556 2478 a
1569 2450 1678 2489 porta
1718 2455 1721 2476 ;

1002 2492 1227 2533 tribunalque
1255 2491 1367 2524 Cassii
1389 2493 1580 2535 praelort'S,
1609 2491 1679 2534 vgl.
1718 2483 1721 2548 1

1001 2539 1055 2576 36,
1081 2538 1134 2578 21,
1160 2540 1178 2570 6
1210 2547 1250 2569 zu
1285 2540 1338 2577 45,
1366 2539 1395 2579 2,
1421 2539 1455 2576 3;
1491 2535 1617 2570 Becker
1650 2538 1678 2578 1,

1720 2576 1722 2608 1
