<?xml version="1.0" encoding="UTF-8"?>
<!DOCTYPE html PUBLIC "-//W3C//DTD XHTML 1.0 Transitional//EN"
    "http://www.w3.org/TR/xhtml1/DTD/xhtml1-transitional.dtd">
<html xmlns="http://www.w3.org/1999/xhtml" xml:lang="en" lang="en">
 <head>
  <title>
</title>
<meta http-equiv="Content-Type" content="text/html;charset=utf-8" />
  <meta name='ocr-system' content='tesseract 3.04.00' />
  <meta name='ocr-capabilities' content='ocr_page ocr_carea ocr_par ocr_line ocrx_word'/>
</head>
<body>
  <div class='ocr_page' id='page_1' title='image "./aburbeconditalib06livyuoft_0056.png"; bbox 0 0 1732 2840; ppageno 0'>
   <div class='ocr_carea' id='block_1_1' title="bbox 189 130 1146 171">
    <p class='ocr_par' dir='ltr' id='par_1_1' title="bbox 189 130 1146 171">
     <span class='ocr_line' id='line_1_1' title="bbox 189 130 1146 171; baseline 0.006 -11"><span class='ocrx_word' id='word_1_1' title='bbox 189 131 240 171; x_wconf 83' lang='lat'>48</span> <span class='ocrx_word' id='word_1_2' title='bbox 646 130 771 164; x_wconf 73' lang='lat' dir='ltr'>Liessr.</span> <span class='ocrx_word' id='word_1_3' title='bbox 796 131 926 165; x_wconf 87' lang='lat' dir='ltr'>xxvu.</span> <span class='ocrx_word' id='word_1_4' title='bbox 974 132 1066 166; x_wconf 83' lang='lat' dir='ltr'><strong>CAP.</strong></span> <span class='ocrx_word' id='word_1_5' title='bbox 1097 134 1146 167; x_wconf 86' lang='lat'>16.</span> 
     </span>
    </p>
   </div>
   <div class='ocr_carea' id='block_1_2' title="bbox 1457 146 1612 172">
    <p class='ocr_par' dir='ltr' id='par_1_2' title="bbox 1457 146 1612 172">
     <span class='ocr_line' id='line_1_2' title="bbox 1457 146 1612 172; baseline 0.006 -1"><span class='ocrx_word' id='word_1_6' title='bbox 1457 151 1484 172; x_wconf 82' lang='lat' dir='ltr'>a.</span> <span class='ocrx_word' id='word_1_7' title='bbox 1505 152 1533 172; x_wconf 89' lang='lat' dir='ltr'>u.</span> <span class='ocrx_word' id='word_1_8' title='bbox 1551 146 1612 172; x_wconf 78' lang='lat'>5&#39;45.</span> 
     </span>
    </p>
   </div>
   <div class='ocr_carea' id='block_1_3' title="bbox 147 245 1615 299">
    <p class='ocr_par' dir='ltr' id='par_1_3' title="bbox 147 245 1615 299">
     <span class='ocr_line' id='line_1_3' title="bbox 147 245 1615 299; baseline 0.001 -12"><span class='ocrx_word' id='word_1_9' title='bbox 147 256 166 288; x_wconf 82' lang='lat'>9</span> <span class='ocrx_word' id='word_1_10' title='bbox 188 247 355 299; x_wconf 76' lang='lat' dir='ltr'>relinqui</span> <span class='ocrx_word' id='word_1_11' title='bbox 388 247 514 287; x_wconf 84' lang='lat' dir='ltr'>iussit.</span> <span class='ocrx_word' id='word_1_12' title='bbox 556 258 692 285; x_wconf 90' lang='lat' dir='ltr'>murus</span> <span class='ocrx_word' id='word_1_13' title='bbox 724 246 835 294; x_wconf 83' lang='lat' dir='ltr'>inde,</span> <span class='ocrx_word' id='word_1_14' title='bbox 867 248 932 298; x_wconf 91' lang='lat' dir='ltr'>qui</span> <span class='ocrx_word' id='word_1_15' title='bbox 955 247 1092 287; x_wconf 91' lang='lat' dir='ltr'>urbem</span> <span class='ocrx_word' id='word_1_16' title='bbox 1113 247 1160 287; x_wconf 91' lang='lat' dir='ltr'>ab</span> <span class='ocrx_word' id='word_1_17' title='bbox 1190 259 1277 287; x_wconf 87' lang='lat' dir='ltr'>arce</span> <span class='ocrx_word' id='word_1_18' title='bbox 1309 245 1524 296; x_wconf 83' lang='lat' dir='ltr'>dirimebat,</span> <span class='ocrx_word' id='word_1_19' title='bbox 1556 248 1615 288; x_wconf 90' lang='lat' dir='ltr'>di-</span> 
     </span>
    </p>
   </div>
   <div class='ocr_carea' id='block_1_4' title="bbox 189 304 664 345">
    <p class='ocr_par' dir='ltr' id='par_1_4' title="bbox 189 304 664 345">
     <span class='ocr_line' id='line_1_4' title="bbox 189 304 664 345; baseline -0.008 0"><span class='ocrx_word' id='word_1_20' title='bbox 189 311 301 345; x_wconf 89' lang='lat' dir='ltr'>rutus</span> <span class='ocrx_word' id='word_1_21' title='bbox 322 310 379 344; x_wconf 88' lang='lat' dir='ltr'>est</span> <span class='ocrx_word' id='word_1_22' title='bbox 400 316 443 343; x_wconf 89' lang='lat' dir='ltr'>ac</span> <span class='ocrx_word' id='word_1_23' title='bbox 465 304 664 343; x_wconf 60' lang='lat' dir='ltr'>disiectus</span> 
     </span>
    </p>
   </div>
   <div class='ocr_carea' id='block_1_5' title="bbox 136 359 1614 526">
    <p class='ocr_par' dir='ltr' id='par_1_5' title="bbox 136 359 1614 526">
     <span class='ocr_line' id='line_1_5' title="bbox 303 359 1612 412; baseline -0.002 -11"><span class='ocrx_word' id='word_1_24' title='bbox 303 361 401 401; x_wconf 91' lang='lat' dir='ltr'>Dum</span> <span class='ocrx_word' id='word_1_25' title='bbox 421 362 516 401; x_wconf 87' lang='lat' dir='ltr'>haec</span> <span class='ocrx_word' id='word_1_26' title='bbox 534 367 716 412; x_wconf 85' lang='lat' dir='ltr'>aguntur,</span> <span class='ocrx_word' id='word_1_27' title='bbox 735 359 940 407; x_wconf 80' lang='lat' dir='ltr'>Hannibal,</span> <span class='ocrx_word' id='word_1_28' title='bbox 965 359 1024 407; x_wconf 87' lang='lat' dir='ltr'>iis,</span> <span class='ocrx_word' id='word_1_29' title='bbox 1042 361 1109 412; x_wconf 88' lang='lat' dir='ltr'>qui</span> <span class='ocrx_word' id='word_1_30' title='bbox 1127 359 1352 400; x_wconf 83' lang='lat' dir='ltr'>Cauloniam</span> <span class='ocrx_word' id='word_1_31' title='bbox 1372 360 1612 408; x_wconf 77' lang='lat' dir='ltr'>obsidebant,</span> 
     </span>
     <span class='ocr_line' id='line_1_6' title="bbox 136 417 1613 469; baseline 0.001 -12"><span class='ocrx_word' id='word_1_32' title='bbox 136 426 171 457; x_wconf 82' lang='lat'>10</span> <span class='ocrx_word' id='word_1_33' title='bbox 192 418 232 458; x_wconf 88' lang='lat' dir='ltr'>in</span> <span class='ocrx_word' id='word_1_34' title='bbox 255 418 490 458; x_wconf 87' lang='lat' dir='ltr'>deditionem</span> <span class='ocrx_word' id='word_1_35' title='bbox 507 417 690 469; x_wconf 84' lang='lat' dir='ltr'>acceptis,</span> <span class='ocrx_word' id='word_1_36' title='bbox 713 417 840 456; x_wconf 88' lang='lat' dir='ltr'>audita</span> <span class='ocrx_word' id='word_1_37' title='bbox 858 418 1153 468; x_wconf 84' lang='lat' dir='ltr'>oppugnatione</span> <span class='ocrx_word' id='word_1_38' title='bbox 1171 417 1329 456; x_wconf 83' lang='lat' dir='ltr'>Tarenti</span> <span class='ocrx_word' id='word_1_39' title='bbox 1352 417 1434 457; x_wconf 89' lang='lat' dir='ltr'>dies</span> <span class='ocrx_word' id='word_1_40' title='bbox 1457 423 1613 458; x_wconf 87' lang='lat' dir='ltr'>noctes-</span> 
     </span>
     <span class='ocr_line' id='line_1_7' title="bbox 190 473 1614 526; baseline -0.001 -12"><span class='ocrx_word' id='word_1_41' title='bbox 190 487 266 526; x_wconf 91' lang='lat' dir='ltr'>que</span> <span class='ocrx_word' id='word_1_42' title='bbox 288 475 432 514; x_wconf 85' lang='lat' dir='ltr'>cursim</span> <span class='ocrx_word' id='word_1_43' title='bbox 455 474 608 525; x_wconf 86' lang='lat' dir='ltr'>agmine</span> <span class='ocrx_word' id='word_1_44' title='bbox 630 480 728 521; x_wconf 87' lang='lat' dir='ltr'>acto,</span> <span class='ocrx_word' id='word_1_45' title='bbox 752 486 839 513; x_wconf 88' lang='lat' dir='ltr'>cum</span> <span class='ocrx_word' id='word_1_46' title='bbox 866 473 1056 513; x_wconf 83' lang='lat' dir='ltr'>festinans</span> <span class='ocrx_word' id='word_1_47' title='bbox 1086 474 1132 514; x_wconf 89' lang='lat' dir='ltr'>ad</span> <span class='ocrx_word' id='word_1_48' title='bbox 1163 486 1277 525; x_wconf 89' lang='lat' dir='ltr'>opem</span> <span class='ocrx_word' id='word_1_49' title='bbox 1299 474 1498 513; x_wconf 79' lang='lat' dir='ltr'>ferendam</span> <span class='ocrx_word' id='word_1_50' title='bbox 1521 487 1614 526; x_wconf 85' lang='lat' dir='ltr'>cap-</span> 
     </span>
    </p>
   </div>
   <div class='ocr_carea' id='block_1_6' title="bbox 190 529 1439 579">
    <p class='ocr_par' dir='ltr' id='par_1_6' title="bbox 190 529 1439 579">
     <span class='ocr_line' id='line_1_8' title="bbox 190 529 1439 579; baseline -0.001 -9"><span class='ocrx_word' id='word_1_51' title='bbox 190 538 265 570; x_wconf 88' lang='lat' dir='ltr'>tam</span> <span class='ocrx_word' id='word_1_52' title='bbox 305 531 440 571; x_wconf 89' lang='lat' dir='ltr'>urbem</span> <span class='ocrx_word' id='word_1_53' title='bbox 478 531 669 578; x_wconf 76' lang='lat' dir='ltr'>audisset,</span> <span class='ocrx_word' id='word_1_54' title='bbox 711 536 775 579; x_wconf 85' lang='lat' dir='ltr'>„et</span> <span class='ocrx_word' id='word_1_55' title='bbox 807 529 971 569; x_wconf 82' lang='lat' dir='ltr'>Romani</span> <span class='ocrx_word' id='word_1_56' title='bbox 1011 543 1126 570; x_wconf 89' lang='lat' dir='ltr'>suum</span> <span class='ocrx_word' id='word_1_57' title='bbox 1156 530 1439 570; x_wconf 69' lang='lat' dir='ltr'>Hannibalem⁴‘</span> 
     </span>
    </p>
   </div>
   <div class='ocr_carea' id='block_1_7' title="bbox 1485 531 1611 583">
    <p class='ocr_par' dir='ltr' id='par_1_7' title="bbox 1485 531 1611 583">
     <span class='ocr_line' id='line_1_9' title="bbox 1485 531 1611 583; baseline 0.008 -14"><span class='ocrx_word' id='word_1_58' title='bbox 1485 531 1611 583; x_wconf 87' lang='lat' dir='ltr'>inquit</span> 
     </span>
    </p>
   </div>
   <div class='ocr_carea' id='block_1_8' title="bbox 132 587 1613 639">
    <p class='ocr_par' dir='ltr' id='par_1_8' title="bbox 132 587 1613 639">
     <span class='ocr_line' id='line_1_10' title="bbox 132 587 1613 639; baseline -0.001 -12"><span class='ocrx_word' id='word_1_59' title='bbox 132 595 165 627; x_wconf 90' lang='grc'>11</span> <span class='ocrx_word' id='word_1_60' title='bbox 190 588 381 637; x_wconf 89' lang='lat' dir='ltr'>„habent:</span> <span class='ocrx_word' id='word_1_61' title='bbox 414 589 546 628; x_wconf 90' lang='lat' dir='ltr'>eadem</span> <span class='ocrx_word' id='word_1_62' title='bbox 568 600 644 639; x_wconf 87' lang='lat' dir='ltr'>qua</span> <span class='ocrx_word' id='word_1_63' title='bbox 675 599 904 639; x_wconf 83' lang='lat' dir='ltr'>ceperamus</span> <span class='ocrx_word' id='word_1_64' title='bbox 933 592 1014 626; x_wconf 85' lang='lat' dir='ltr'>arte</span> <span class='ocrx_word' id='word_1_65' title='bbox 1036 587 1249 626; x_wconf 79' lang='lat' dir='ltr'>Tarentum</span> <span class='ocrx_word' id='word_1_66' title='bbox 1280 587 1520 626; x_wconf 40' lang='lat' dir='ltr'>amisimus&amp;</span> <span class='ocrx_word' id='word_1_67' title='bbox 1564 600 1613 626; x_wconf 89' lang='lat' dir='ltr'>ne</span> 
     </span>
    </p>
   </div>
   <div class='ocr_carea' id='block_1_9' title="bbox 190 643 1331 696">
    <p class='ocr_par' dir='ltr' id='par_1_9' title="bbox 190 643 1331 696">
     <span class='ocr_line' id='line_1_11' title="bbox 190 643 1331 696; baseline -0.002 -12"><span class='ocrx_word' id='word_1_68' title='bbox 190 651 317 684; x_wconf 84' lang='lat' dir='ltr'>tamen</span> <span class='ocrx_word' id='word_1_69' title='bbox 341 645 526 696; x_wconf 83' lang='lat' dir='ltr'>fugientis</span> <span class='ocrx_word' id='word_1_70' title='bbox 547 645 662 683; x_wconf 87' lang='lat' dir='ltr'>modo</span> <span class='ocrx_word' id='word_1_71' title='bbox 687 643 923 683; x_wconf 85' lang='lat' dir='ltr'>convertisse</span> <span class='ocrx_word' id='word_1_72' title='bbox 953 655 1090 695; x_wconf 85' lang='lat' dir='ltr'>agmen</span> <span class='ocrx_word' id='word_1_73' title='bbox 1114 643 1331 691; x_wconf 87' lang='lat' dir='ltr'>videretur,</span> 
     </span>
    </p>
   </div>
   <div class='ocr_carea' id='block_1_10' title="bbox 1365 645 1615 695">
    <p class='ocr_par' dir='ltr' id='par_1_10' title="bbox 1365 645 1615 695">
     <span class='ocr_line' id='line_1_12' title="bbox 1365 645 1615 695; baseline 0.008 -13"><span class='ocrx_word' id='word_1_74' title='bbox 1365 656 1442 695; x_wconf 86' lang='lat' dir='ltr'>quo</span> <span class='ocrx_word' id='word_1_75' title='bbox 1465 645 1615 684; x_wconf 87' lang='lat' dir='ltr'>consti-</span> 
     </span>
    </p>
   </div>
   <div class='ocr_carea' id='block_1_11' title="bbox 135 700 1614 922">
    <p class='ocr_par' dir='ltr' id='par_1_11' title="bbox 135 700 1614 922">
     <span class='ocr_line' id='line_1_13' title="bbox 192 700 1614 753; baseline 0 -13"><span class='ocrx_word' id='word_1_76' title='bbox 192 708 318 740; x_wconf 82' lang='lat' dir='ltr'>tuerat</span> <span class='ocrx_word' id='word_1_77' title='bbox 338 702 438 750; x_wconf 85' lang='lat' dir='ltr'>loco,</span> <span class='ocrx_word' id='word_1_78' title='bbox 462 701 637 753; x_wconf 87' lang='lat' dir='ltr'>quinque</span> <span class='ocrx_word' id='word_1_79' title='bbox 660 700 775 740; x_wconf 89' lang='lat' dir='ltr'>millia</span> <span class='ocrx_word' id='word_1_80' title='bbox 794 701 915 739; x_wconf 85' lang='lat' dir='ltr'>ferme</span> <span class='ocrx_word' id='word_1_81' title='bbox 936 700 982 739; x_wconf 88' lang='lat' dir='ltr'>ab</span> <span class='ocrx_word' id='word_1_82' title='bbox 1005 700 1100 739; x_wconf 88' lang='lat' dir='ltr'>urbe</span> <span class='ocrx_word' id='word_1_83' title='bbox 1118 701 1250 752; x_wconf 88' lang='lat' dir='ltr'>posuit</span> <span class='ocrx_word' id='word_1_84' title='bbox 1266 707 1401 739; x_wconf 88' lang='lat' dir='ltr'>castra.</span> <span class='ocrx_word' id='word_1_85' title='bbox 1444 700 1494 740; x_wconf 91' lang='lat' dir='ltr'>ibi</span> <span class='ocrx_word' id='word_1_86' title='bbox 1518 713 1614 752; x_wconf 90' lang='lat' dir='ltr'>pau·</span> 
     </span>
     <span class='ocr_line' id='line_1_14' title="bbox 135 757 1614 809; baseline 0.001 -14"><span class='ocrx_word' id='word_1_87' title='bbox 135 764 171 796; x_wconf 81' lang='lat'>12</span> <span class='ocrx_word' id='word_1_88' title='bbox 193 770 258 796; x_wconf 89' lang='lat' dir='ltr'>cos</span> <span class='ocrx_word' id='word_1_89' title='bbox 280 763 454 797; x_wconf 88' lang='lat' dir='ltr'>moratus</span> <span class='ocrx_word' id='word_1_90' title='bbox 476 758 556 796; x_wconf 89' lang='lat' dir='ltr'>dies</span> <span class='ocrx_word' id='word_1_91' title='bbox 578 758 845 809; x_wconf 88' lang='lat' dir='ltr'>Metapontum</span> <span class='ocrx_word' id='word_1_92' title='bbox 868 769 953 796; x_wconf 88' lang='lat' dir='ltr'>sese</span> <span class='ocrx_word' id='word_1_93' title='bbox 976 758 1135 808; x_wconf 84' lang='lat' dir='ltr'>recepit.</span> <span class='ocrx_word' id='word_1_94' title='bbox 1178 757 1267 796; x_wconf 90' lang='lat' dir='ltr'>inde</span> <span class='ocrx_word' id='word_1_95' title='bbox 1290 757 1388 796; x_wconf 82' lang='lat' dir='ltr'>duos</span> <span class='ocrx_word' id='word_1_96' title='bbox 1411 757 1614 809; x_wconf 83' lang='lat' dir='ltr'>Metapon-</span> 
     </span>
     <span class='ocr_line' id='line_1_15' title="bbox 190 813 1614 865; baseline 0.001 -13"><span class='ocrx_word' id='word_1_97' title='bbox 190 814 293 853; x_wconf 88' lang='lat' dir='ltr'>tinos</span> <span class='ocrx_word' id='word_1_98' title='bbox 316 827 404 854; x_wconf 91' lang='lat' dir='ltr'>cum</span> <span class='ocrx_word' id='word_1_99' title='bbox 434 814 573 853; x_wconf 84' lang='lat' dir='ltr'>litteris</span> <span class='ocrx_word' id='word_1_100' title='bbox 595 814 820 865; x_wconf 86' lang='lat' dir='ltr'>principum</span> <span class='ocrx_word' id='word_1_101' title='bbox 852 813 934 852; x_wconf 90' lang='lat' dir='ltr'>eius</span> <span class='ocrx_word' id='word_1_102' title='bbox 966 813 1128 852; x_wconf 77' lang='lat' dir='ltr'>civitatis</span> <span class='ocrx_word' id='word_1_103' title='bbox 1150 813 1194 852; x_wconf 87' lang='lat' dir='ltr'>ad</span> <span class='ocrx_word' id='word_1_104' title='bbox 1218 814 1378 853; x_wconf 86' lang='lat' dir='ltr'>Fabium</span> <span class='ocrx_word' id='word_1_105' title='bbox 1401 813 1614 854; x_wconf 84' lang='lat' dir='ltr'>Tarentum</span> 
     </span>
     <span class='ocr_line' id='line_1_16' title="bbox 190 870 1614 922; baseline 0.001 -14"><span class='ocrx_word' id='word_1_106' title='bbox 190 870 319 919; x_wconf 83' lang='lat' dir='ltr'>mittit,</span> <span class='ocrx_word' id='word_1_107' title='bbox 342 872 455 910; x_wconf 82' lang='lat' dir='ltr'>tidem</span> <span class='ocrx_word' id='word_1_108' title='bbox 487 870 533 909; x_wconf 89' lang='lat' dir='ltr'>ab</span> <span class='ocrx_word' id='word_1_109' title='bbox 557 871 719 910; x_wconf 86' lang='lat' dir='ltr'>consule</span> <span class='ocrx_word' id='word_1_110' title='bbox 750 876 982 921; x_wconf 82' lang='lat' dir='ltr'>accepturos</span> <span class='ocrx_word' id='word_1_111' title='bbox 1014 870 1194 921; x_wconf 86' lang='lat' dir='ltr'>inpunita</span> <span class='ocrx_word' id='word_1_112' title='bbox 1226 870 1271 909; x_wconf 90' lang='lat' dir='ltr'>iis</span> <span class='ocrx_word' id='word_1_113' title='bbox 1293 871 1423 922; x_wconf 89' lang='lat' dir='ltr'>priora</span> <span class='ocrx_word' id='word_1_114' title='bbox 1446 871 1551 919; x_wconf 85' lang='lat' dir='ltr'>sore,</span> <span class='ocrx_word' id='word_1_115' title='bbox 1582 871 1614 909; x_wconf 91' lang='lat' dir='ltr'>si</span> 
     </span>
    </p>
   </div>
   <div class='ocr_carea' id='block_1_12' title="bbox 134 926 1414 979">
    <p class='ocr_par' dir='ltr' id='par_1_12' title="bbox 134 926 1414 979">
     <span class='ocr_line' id='line_1_17' title="bbox 134 926 1414 979; baseline 0.002 -15"><span class='ocrx_word' id='word_1_116' title='bbox 134 934 169 965; x_wconf 84' lang='lat'>13</span> <span class='ocrx_word' id='word_1_117' title='bbox 191 926 457 979; x_wconf 84' lang='lat' dir='ltr'>Metapontum</span> <span class='ocrx_word' id='word_1_118' title='bbox 496 927 570 977; x_wconf 88' lang='lat' dir='ltr'>[iis]</span> <span class='ocrx_word' id='word_1_119' title='bbox 603 940 690 966; x_wconf 85' lang='lat' dir='ltr'>cum</span> <span class='ocrx_word' id='word_1_120' title='bbox 728 927 920 978; x_wconf 88' lang='lat' dir='ltr'>praesidio</span> <span class='ocrx_word' id='word_1_121' title='bbox 952 926 1102 965; x_wconf 85' lang='lat' dir='ltr'>Punico</span> <span class='ocrx_word' id='word_1_122' title='bbox 1139 927 1414 977; x_wconf 87' lang='lat' dir='ltr'>prodidissent.</span> 
     </span>
    </p>
   </div>
   <div class='ocr_carea' id='block_1_13' title="bbox 1472 926 1614 966">
    <p class='ocr_par' dir='ltr' id='par_1_13' title="bbox 1472 926 1614 966">
     <span class='ocr_line' id='line_1_18' title="bbox 1472 926 1614 966; baseline 0 0"><span class='ocrx_word' id='word_1_123' title='bbox 1472 926 1614 966; x_wconf 82' lang='lat' dir='ltr'>Fabius</span> 
     </span>
    </p>
   </div>
   <div class='ocr_carea' id='block_1_14' title="bbox 190 983 1615 1091">
    <p class='ocr_par' dir='ltr' id='par_1_14' title="bbox 190 983 1615 1091">
     <span class='ocr_line' id='line_1_19' title="bbox 190 983 1615 1035; baseline 0.001 -14"><span class='ocrx_word' id='word_1_124' title='bbox 190 995 291 1033; x_wconf 86' lang='lat' dir='ltr'>vera,</span> <span class='ocrx_word' id='word_1_125' title='bbox 315 997 413 1035; x_wconf 87' lang='lat' dir='ltr'>quae</span> <span class='ocrx_word' id='word_1_126' title='bbox 430 984 640 1032; x_wconf 79' lang='lat' dir='ltr'>adferrent,</span> <span class='ocrx_word' id='word_1_127' title='bbox 663 997 747 1023; x_wconf 91' lang='lat' dir='ltr'>esse</span> <span class='ocrx_word' id='word_1_128' title='bbox 765 989 871 1023; x_wconf 92' lang='lat' dir='ltr'>ratus</span> <span class='ocrx_word' id='word_1_129' title='bbox 895 983 1009 1031; x_wconf 87' lang='lat' dir='ltr'>diem,</span> <span class='ocrx_word' id='word_1_130' title='bbox 1033 995 1107 1034; x_wconf 87' lang='lat' dir='ltr'>qua</span> <span class='ocrx_word' id='word_1_131' title='bbox 1118 995 1356 1023; x_wconf 82' lang='lat' dir='ltr'>accessurus</span> <span class='ocrx_word' id='word_1_132' title='bbox 1378 989 1480 1023; x_wconf 89' lang='lat' dir='ltr'>esset</span> <span class='ocrx_word' id='word_1_133' title='bbox 1495 983 1615 1023; x_wconf 90' lang='lat' dir='ltr'>Meta-</span> 
     </span>
     <span class='ocr_line' id='line_1_20' title="bbox 190 1039 1615 1091; baseline 0.001 -13"><span class='ocrx_word' id='word_1_134' title='bbox 190 1046 370 1091; x_wconf 85' lang='lat' dir='ltr'>pontum,</span> <span class='ocrx_word' id='word_1_135' title='bbox 392 1040 595 1080; x_wconf 83' lang='lat' dir='ltr'>constituit</span> <span class='ocrx_word' id='word_1_136' title='bbox 611 1040 836 1090; x_wconf 89' lang='lat' dir='ltr'>litterasque</span> <span class='ocrx_word' id='word_1_137' title='bbox 854 1040 900 1078; x_wconf 89' lang='lat' dir='ltr'>ad</span> <span class='ocrx_word' id='word_1_138' title='bbox 922 1039 1122 1090; x_wconf 86' lang='lat' dir='ltr'>principes</span> <span class='ocrx_word' id='word_1_139' title='bbox 1138 1040 1255 1088; x_wconf 90' lang='lat' dir='ltr'>dedit,</span> <span class='ocrx_word' id='word_1_140' title='bbox 1278 1052 1375 1091; x_wconf 90' lang='lat' dir='ltr'>quae</span> <span class='ocrx_word' id='word_1_141' title='bbox 1399 1039 1444 1079; x_wconf 85' lang='lat' dir='ltr'>ad</span> <span class='ocrx_word' id='word_1_142' title='bbox 1467 1040 1615 1079; x_wconf 88' lang='lat' dir='ltr'>Hanni-</span> 
     </span>
    </p>
   </div>
   <div class='ocr_carea' id='block_1_15' title="bbox 130 1097 631 1136">
    <p class='ocr_par' dir='ltr' id='par_1_15' title="bbox 130 1097 631 1136">
     <span class='ocr_line' id='line_1_21' title="bbox 130 1097 631 1136; baseline 0 -2"><span class='ocrx_word' id='word_1_143' title='bbox 130 1103 167 1135; x_wconf 74' lang='lat'>14</span> <span class='ocrx_word' id='word_1_144' title='bbox 188 1097 310 1136; x_wconf 87' lang='lat' dir='ltr'>balem</span> <span class='ocrx_word' id='word_1_145' title='bbox 353 1097 497 1136; x_wconf 85' lang='lat' dir='ltr'>delatae</span> <span class='ocrx_word' id='word_1_146' title='bbox 528 1103 631 1136; x_wconf 86' lang='lat' dir='ltr'>sunt.</span> 
     </span>
    </p>
   </div>
   <div class='ocr_carea' id='block_1_16' title="bbox 683 1096 1615 1145">
    <p class='ocr_par' dir='ltr' id='par_1_16' title="bbox 683 1096 1615 1145">
     <span class='ocr_line' id='line_1_22' title="bbox 683 1096 1615 1145; baseline -0.001 -9"><span class='ocrx_word' id='word_1_147' title='bbox 683 1096 878 1136; x_wconf 82' lang='lat' dir='ltr'>enimvero</span> <span class='ocrx_word' id='word_1_148' title='bbox 915 1096 1038 1135; x_wconf 89' lang='lat' dir='ltr'>laetus</span> <span class='ocrx_word' id='word_1_149' title='bbox 1074 1108 1259 1135; x_wconf 88' lang='lat' dir='ltr'>successu</span> <span class='ocrx_word' id='word_1_150' title='bbox 1292 1097 1459 1145; x_wconf 86' lang='lat' dir='ltr'>fraudis,</span> <span class='ocrx_word' id='word_1_151' title='bbox 1496 1096 1528 1136; x_wconf 93' lang='lat' dir='ltr'>si</span> <span class='ocrx_word' id='word_1_152' title='bbox 1567 1109 1615 1135; x_wconf 88' lang='lat' dir='ltr'>ne</span> 
     </span>
    </p>
   </div>
   <div class='ocr_carea' id='block_1_17' title="bbox 134 1153 1616 1374">
    <p class='ocr_par' dir='ltr' id='par_1_17' title="bbox 134 1153 1616 1374">
     <span class='ocr_line' id='line_1_23' title="bbox 191 1153 1616 1205; baseline 0 -13"><span class='ocrx_word' id='word_1_153' title='bbox 191 1153 330 1193; x_wconf 87' lang='lat' dir='ltr'>Fabius</span> <span class='ocrx_word' id='word_1_154' title='bbox 354 1154 509 1205; x_wconf 85' lang='lat' dir='ltr'>quidem</span> <span class='ocrx_word' id='word_1_155' title='bbox 532 1153 621 1192; x_wconf 88' lang='lat' dir='ltr'>dolo</span> <span class='ocrx_word' id='word_1_156' title='bbox 644 1153 809 1192; x_wconf 83' lang='lat' dir='ltr'>invictus</span> <span class='ocrx_word' id='word_1_157' title='bbox 833 1153 990 1199; x_wconf 82' lang='lat' dir='ltr'>fuisset,</span> <span class='ocrx_word' id='word_1_158' title='bbox 1023 1153 1125 1191; x_wconf 87' lang='lat' dir='ltr'>haud</span> <span class='ocrx_word' id='word_1_159' title='bbox 1148 1153 1287 1204; x_wconf 85' lang='lat' dir='ltr'>procul</span> <span class='ocrx_word' id='word_1_160' title='bbox 1308 1154 1532 1205; x_wconf 84' lang='lat' dir='ltr'>Metaponto</span> <span class='ocrx_word' id='word_1_161' title='bbox 1555 1153 1616 1192; x_wconf 91' lang='lat' dir='ltr'>in-</span> 
     </span>
     <span class='ocr_line' id='line_1_24' title="bbox 134 1209 1613 1261; baseline 0 -14"><span class='ocrx_word' id='word_1_162' title='bbox 134 1216 168 1247; x_wconf 83' lang='lat'>15</span> <span class='ocrx_word' id='word_1_163' title='bbox 190 1210 305 1249; x_wconf 84' lang='lat' dir='ltr'>sidias</span> <span class='ocrx_word' id='word_1_164' title='bbox 324 1210 446 1261; x_wconf 88' lang='lat' dir='ltr'>ponit.</span> <span class='ocrx_word' id='word_1_165' title='bbox 470 1210 587 1249; x_wconf 88' lang='lat' dir='ltr'>Fabio</span> <span class='ocrx_word' id='word_1_166' title='bbox 604 1210 837 1261; x_wconf 83' lang='lat' dir='ltr'>auspicanti,</span> <span class='ocrx_word' id='word_1_167' title='bbox 856 1209 1084 1261; x_wconf 87' lang='lat' dir='ltr'>priusquam</span> <span class='ocrx_word' id='word_1_168' title='bbox 1099 1210 1353 1260; x_wconf 86' lang='lat' dir='ltr'>egrederetur</span> <span class='ocrx_word' id='word_1_169' title='bbox 1370 1209 1415 1248; x_wconf 83' lang='lat' dir='ltr'>ab</span> <span class='ocrx_word' id='word_1_170' title='bbox 1429 1209 1613 1258; x_wconf 90' lang='lat' dir='ltr'>Tarento,</span> 
     </span>
     <span class='ocr_line' id='line_1_25' title="bbox 190 1265 1616 1318; baseline 0 -13"><span class='ocrx_word' id='word_1_171' title='bbox 190 1279 276 1305; x_wconf 75' lang='lat' dir='ltr'>aves</span> <span class='ocrx_word' id='word_1_172' title='bbox 306 1267 425 1306; x_wconf 88' lang='lat' dir='ltr'>semel</span> <span class='ocrx_word' id='word_1_173' title='bbox 454 1274 570 1318; x_wconf 83' lang='lat' dir='ltr'>atque</span> <span class='ocrx_word' id='word_1_174' title='bbox 600 1267 741 1305; x_wconf 88' lang='lat' dir='ltr'>iterum</span> <span class='ocrx_word' id='word_1_175' title='bbox 765 1279 843 1305; x_wconf 90' lang='lat' dir='ltr'>non</span> <span class='ocrx_word' id='word_1_176' title='bbox 876 1265 1129 1314; x_wconf 88' lang='lat' dir='ltr'>addixerunt;</span> <span class='ocrx_word' id='word_1_177' title='bbox 1162 1266 1288 1305; x_wconf 84' lang='lat' dir='ltr'>hostia</span> <span class='ocrx_word' id='word_1_178' title='bbox 1319 1278 1476 1317; x_wconf 86' lang='lat' dir='ltr'>quoque</span> <span class='ocrx_word' id='word_1_179' title='bbox 1507 1278 1616 1305; x_wconf 83' lang='lat' dir='ltr'>caesa</span> 
     </span>
     <span class='ocr_line' id='line_1_26' title="bbox 191 1322 1616 1374; baseline -0.001 -12"><span class='ocrx_word' id='word_1_180' title='bbox 191 1323 413 1362; x_wconf 88' lang='lat' dir='ltr'>consulenti</span> <span class='ocrx_word' id='word_1_181' title='bbox 435 1324 528 1362; x_wconf 89' lang='lat' dir='ltr'>deos</span> <span class='ocrx_word' id='word_1_182' title='bbox 551 1324 745 1374; x_wconf 80' lang='lat' dir='ltr'>haruspex</span> <span class='ocrx_word' id='word_1_183' title='bbox 763 1322 975 1361; x_wconf 77' lang='lat' dir='ltr'>cavendum</span> <span class='ocrx_word' id='word_1_184' title='bbox 992 1335 1011 1360; x_wconf 89' lang='lat' dir='ltr'>a</span> <span class='ocrx_word' id='word_1_185' title='bbox 1034 1322 1166 1362; x_wconf 81' lang='lat' dir='ltr'>fraude</span> <span class='ocrx_word' id='word_1_186' title='bbox 1189 1322 1318 1363; x_wconf 87' lang='lat' dir='ltr'>hostili</span> <span class='ocrx_word' id='word_1_187' title='bbox 1338 1332 1374 1362; x_wconf 87' lang='lat' dir='ltr'>et</span> <span class='ocrx_word' id='word_1_188' title='bbox 1396 1322 1442 1362; x_wconf 91' lang='lat' dir='ltr'>ab</span> <span class='ocrx_word' id='word_1_189' title='bbox 1464 1322 1616 1362; x_wconf 84' lang='lat' dir='ltr'>insidiis</span> 
     </span>
    </p>
   </div>
   <div class='ocr_carea' id='block_1_18' title="bbox 135 1380 389 1430">
    <p class='ocr_par' dir='ltr' id='par_1_18' title="bbox 135 1380 389 1430">
     <span class='ocr_line' id='line_1_27' title="bbox 135 1380 389 1430; baseline 0.004 -13"><span class='ocrx_word' id='word_1_190' title='bbox 135 1386 168 1417; x_wconf 77' lang='lat' dir='ltr'>1ss</span> <span class='ocrx_word' id='word_1_191' title='bbox 190 1380 389 1430; x_wconf 86' lang='lat' dir='ltr'>praedixit.</span> 
     </span>
    </p>
   </div>
   <div class='ocr_carea' id='block_1_19' title="bbox 183 1489 870 1533">
    <p class='ocr_par' dir='ltr' id='par_1_19' title="bbox 183 1489 870 1533">
     <span class='ocr_line' id='line_1_28' title="bbox 183 1489 870 1533; baseline -0.001 -10"><span class='ocrx_word' id='word_1_192' title='bbox 183 1489 281 1531; x_wconf 79' lang='lat' dir='ltr'>jeder</span> <span class='ocrx_word' id='word_1_193' title='bbox 304 1491 336 1523; x_wconf 91' lang='lat' dir='ltr'>in</span> <span class='ocrx_word' id='word_1_194' title='bbox 351 1491 461 1532; x_wconf 60' lang='lat' dir='ltr'>sQner</span> <span class='ocrx_word' id='word_1_195' title='bbox 474 1490 780 1533; x_wconf 81' lang='lat' dir='ltr'>eigenthiimlichen</span> <span class='ocrx_word' id='word_1_196' title='bbox 796 1490 870 1522; x_wconf 88' lang='lat' dir='ltr'>Hal-</span> 
     </span>
    </p>
   </div>
   <div class='ocr_carea' id='block_1_20' title="bbox 189 1536 869 2615">
    <p class='ocr_par' dir='ltr' id='par_1_20' title="bbox 189 1536 869 2615">
     <span class='ocr_line' id='line_1_29' title="bbox 192 1536 868 1577; baseline 0 -10"><span class='ocrx_word' id='word_1_197' title='bbox 192 1541 283 1577; x_wconf 86' lang='lat' dir='ltr'>tnng,</span> <span class='ocrx_word' id='word_1_198' title='bbox 310 1536 375 1568; x_wconf 85' lang='lat' dir='ltr'>Cic.</span> <span class='ocrx_word' id='word_1_199' title='bbox 394 1536 483 1570; x_wconf 84' lang='lat' dir='ltr'>Verr.</span> <span class='ocrx_word' id='word_1_200' title='bbox 501 1538 533 1576; x_wconf 79' lang='lat'>4,</span> <span class='ocrx_word' id='word_1_201' title='bbox 548 1538 601 1575; x_wconf 76' lang='lat'>34,</span> <span class='ocrx_word' id='word_1_202' title='bbox 617 1537 675 1568; x_wconf 73' lang='lat'>74:</span> <span class='ocrx_word' id='word_1_203' title='bbox 703 1540 781 1567; x_wconf 76' lang='lat' dir='ltr'>erat</span> <span class='ocrx_word' id='word_1_204' title='bbox 806 1536 868 1567; x_wconf 86' lang='lat' dir='ltr'>ad—</span> 
     </span>
     <span class='ocr_line' id='line_1_30' title="bbox 189 1580 868 1624; baseline -0.001 -12"><span class='ocrx_word' id='word_1_205' title='bbox 189 1580 330 1612; x_wconf 79' lang='lat' dir='ltr'>modum</span> <span class='ocrx_word' id='word_1_206' title='bbox 361 1582 515 1624; x_wconf 81' lang='lat' dir='ltr'>amplum</span> <span class='ocrx_word' id='word_1_207' title='bbox 542 1585 576 1612; x_wconf 82' lang='lat' dir='ltr'>et</span> <span class='ocrx_word' id='word_1_208' title='bbox 599 1581 772 1612; x_wconf 72' lang='lat' dir='ltr'>ea‘celsum</span> <span class='ocrx_word' id='word_1_209' title='bbox 798 1583 868 1622; x_wconf 74' lang='lat' dir='ltr'>sig-</span> 
     </span>
     <span class='ocr_line' id='line_1_31' title="bbox 191 1627 868 1659; baseline 0 -3"><span class='ocrx_word' id='word_1_210' title='bbox 191 1637 273 1658; x_wconf 77' lang='lat' dir='ltr'>num</span> <span class='ocrx_word' id='word_1_211' title='bbox 298 1638 342 1659; x_wconf 91' lang='lat'>—:</span> <span class='ocrx_word' id='word_1_212' title='bbox 379 1637 498 1659; x_wconf 75' lang='lat' dir='ltr'>veram</span> <span class='ocrx_word' id='word_1_213' title='bbox 525 1630 640 1658; x_wconf 81' lang='lat' dir='ltr'>tamen</span> <span class='ocrx_word' id='word_1_214' title='bbox 667 1628 784 1657; x_wconf 75' lang='lat' dir='ltr'>inerat</span> <span class='ocrx_word' id='word_1_215' title='bbox 808 1627 868 1657; x_wconf 82' lang='lat' dir='ltr'>lza-</span> 
     </span>
     <span class='ocr_line' id='line_1_32' title="bbox 191 1672 867 1714; baseline 0.003 -12"><span class='ocrx_word' id='word_1_216' title='bbox 191 1673 281 1703; x_wconf 73' lang='lat' dir='ltr'>bitus</span> <span class='ocrx_word' id='word_1_217' title='bbox 309 1672 710 1714; x_wconf 71' lang='lat' dir='ltr'>virginalis.—-mut-us,</span> <span class='ocrx_word' id='word_1_218' title='bbox 737 1673 791 1712; x_wconf 86' lang='lat'>25,</span> <span class='ocrx_word' id='word_1_219' title='bbox 818 1673 867 1704; x_wconf 79' lang='grc'>11.</span> 
     </span>
     <span class='ocr_line' id='line_1_33' title="bbox 214 1716 864 1755; baseline -0.005 -5"><span class='ocrx_word' id='word_1_220' title='bbox 214 1716 355 1750; x_wconf 79' lang='lat'>&#39;9—12.</span> <span class='ocrx_word' id='word_1_221' title='bbox 378 1717 597 1750; x_wconf 79' lang='lat' dir='ltr'>Cauloniam.</span> <span class='ocrx_word' id='word_1_222' title='bbox 623 1727 649 1749; x_wconf 91' lang='lat' dir='ltr'>s.</span> <span class='ocrx_word' id='word_1_223' title='bbox 664 1726 690 1749; x_wconf 90' lang='lat' dir='ltr'>c.</span> <span class='ocrx_word' id='word_1_224' title='bbox 712 1718 760 1755; x_wconf 83' lang='lat'>15,</span> <span class='ocrx_word' id='word_1_225' title='bbox 777 1719 806 1750; x_wconf 85' lang='lat'>8.</span> <span class='ocrx_word' id='word_1_226' title='bbox 827 1735 864 1739; x_wconf 91' lang='lat'>-—</span> 
     </span>
     <span class='ocr_line' id='line_1_34' title="bbox 190 1764 867 1803; baseline 0.001 -11"><span class='ocrx_word' id='word_1_227' title='bbox 190 1764 330 1802; x_wconf 73' lang='lat' dir='ltr'>agmine</span> <span class='ocrx_word' id='word_1_228' title='bbox 356 1774 399 1802; x_wconf 91' lang='lat' dir='ltr'>a.,</span> <span class='ocrx_word' id='word_1_229' title='bbox 424 1773 451 1795; x_wconf 87' lang='lat' dir='ltr'>s.</span> <span class='ocrx_word' id='word_1_230' title='bbox 468 1764 521 1803; x_wconf 87' lang='lat'>21,</span> <span class='ocrx_word' id='word_1_231' title='bbox 535 1764 588 1801; x_wconf 86' lang='lat'>61,</span> <span class='ocrx_word' id='word_1_232' title='bbox 603 1764 623 1794; x_wconf 76' lang='lat'>4</span> <span class='ocrx_word' id='word_1_233' title='bbox 637 1772 669 1794; x_wconf 92' lang='lat' dir='ltr'>u.</span> <span class='ocrx_word' id='word_1_234' title='bbox 685 1771 714 1795; x_wconf 89' lang='lat' dir='ltr'>a.</span> <span class='ocrx_word' id='word_1_235' title='bbox 729 1781 773 1785; x_wconf 88' lang='lat'>—</span> <span class='ocrx_word' id='word_1_236' title='bbox 788 1772 867 1794; x_wconf 80' lang='lat' dir='ltr'>ear-</span> 
     </span>
     <span class='ocr_line' id='line_1_35' title="bbox 190 1806 866 1849; baseline 0 -11"><span class='ocrx_word' id='word_1_237' title='bbox 190 1809 272 1847; x_wconf 76' lang='lat' dir='ltr'>sim,</span> <span class='ocrx_word' id='word_1_238' title='bbox 303 1807 356 1840; x_wconf 87' lang='lat' dir='ltr'>die</span> <span class='ocrx_word' id='word_1_239' title='bbox 388 1807 595 1849; x_wconf 84' lang='lat' dir='ltr'>Entfernung</span> <span class='ocrx_word' id='word_1_240' title='bbox 632 1806 764 1849; x_wconf 73' lang='lat' dir='ltr'>betragt</span> <span class='ocrx_word' id='word_1_241' title='bbox 801 1806 866 1840; x_wconf 91' lang='lat' dir='ltr'>wol</span> 
     </span>
     <span class='ocr_line' id='line_1_36' title="bbox 190 1852 867 1894; baseline -0.001 -9"><span class='ocrx_word' id='word_1_242' title='bbox 190 1854 208 1885; x_wconf 85' lang='lat' dir='ltr'>S</span> <span class='ocrx_word' id='word_1_243' title='bbox 224 1852 459 1894; x_wconf 66' lang='lat' dir='ltr'>Tagmarsche.</span> <span class='ocrx_word' id='word_1_244' title='bbox 475 1871 518 1876; x_wconf 92' lang='lat'>—</span> <span class='ocrx_word' id='word_1_245' title='bbox 538 1854 655 1893; x_wconf 76' lang='lat' dir='ltr'>inquit</span> <span class='ocrx_word' id='word_1_246' title='bbox 669 1852 748 1884; x_wconf 90' lang='lat' dir='ltr'>weit</span> <span class='ocrx_word' id='word_1_247' title='bbox 767 1853 867 1885; x_wconf 90' lang='lat' dir='ltr'>nach-</span> 
     </span>
     <span class='ocr_line' id='line_1_37' title="bbox 190 1897 865 1939; baseline 0.003 -11"><span class='ocrx_word' id='word_1_248' title='bbox 190 1897 327 1939; x_wconf 84' lang='lat' dir='ltr'>gestellt</span> <span class='ocrx_word' id='word_1_249' title='bbox 352 1898 416 1929; x_wconf 91' lang='lat' dir='ltr'>wie</span> <span class='ocrx_word' id='word_1_250' title='bbox 443 1899 496 1937; x_wconf 88' lang='lat'>21,</span> <span class='ocrx_word' id='word_1_251' title='bbox 521 1899 551 1937; x_wconf 87' lang='lat'>3,</span> <span class='ocrx_word' id='word_1_252' title='bbox 579 1899 616 1938; x_wconf 76' lang='lat'>33</span> <span class='ocrx_word' id='word_1_253' title='bbox 649 1899 673 1936; x_wconf 85' lang='lat'>1,</span> <span class='ocrx_word' id='word_1_254' title='bbox 700 1898 752 1938; x_wconf 83' lang='lat'>26,</span> <span class='ocrx_word' id='word_1_255' title='bbox 782 1899 865 1930; x_wconf 79' lang='lat'>7.—</span> 
     </span>
     <span class='ocr_line' id='line_1_38' title="bbox 191 1941 867 1983; baseline 0 -9"><span class='ocrx_word' id='word_1_256' title='bbox 191 1944 344 1983; x_wconf 80' lang='lat' dir='ltr'>eonsl1&#39;t.,</span> <span class='ocrx_word' id='word_1_257' title='bbox 377 1942 460 1974; x_wconf 88' lang='lat' dir='ltr'>dazu</span> <span class='ocrx_word' id='word_1_258' title='bbox 487 1941 575 1974; x_wconf 84' lang='lat' dir='ltr'>kann</span> <span class='ocrx_word' id='word_1_259' title='bbox 606 1951 666 1974; x_wconf 90' lang='lat' dir='ltr'>aus</span> <span class='ocrx_word' id='word_1_260' title='bbox 691 1941 765 1975; x_wconf 88' lang='lat' dir='ltr'>dem</span> <span class='ocrx_word' id='word_1_261' title='bbox 793 1951 867 1974; x_wconf 80' lang='lat' dir='ltr'>vor-</span> 
     </span>
     <span class='ocr_line' id='line_1_39' title="bbox 191 1986 866 2030; baseline -0.001 -11"><span class='ocrx_word' id='word_1_262' title='bbox 191 1987 326 2030; x_wconf 83' lang='lat' dir='ltr'>hergeh.</span> <span class='ocrx_word' id='word_1_263' title='bbox 355 1998 500 2029; x_wconf 78' lang='lat' dir='ltr'>agmen,</span> <span class='ocrx_word' id='word_1_264' title='bbox 530 1986 675 2019; x_wconf 83' lang='lat' dir='ltr'>welches</span> <span class='ocrx_word' id='word_1_265' title='bbox 701 1986 760 2018; x_wconf 91' lang='lat' dir='ltr'>mit</span> <span class='ocrx_word' id='word_1_266' title='bbox 785 1997 866 2019; x_wconf 83' lang='lat' dir='ltr'>eon·</span> 
     </span>
     <span class='ocr_line' id='line_1_40' title="bbox 190 2031 865 2065; baseline 0 -2"><span class='ocrx_word' id='word_1_267' title='bbox 190 2035 334 2064; x_wconf 69' lang='lat' dir='ltr'>stilum-e</span> <span class='ocrx_word' id='word_1_268' title='bbox 358 2033 391 2065; x_wconf 88' lang='lat' dir='ltr'>iu</span> <span class='ocrx_word' id='word_1_269' title='bbox 407 2032 465 2065; x_wconf 87' lang='lat' dir='ltr'>der</span> <span class='ocrx_word' id='word_1_270' title='bbox 483 2032 551 2065; x_wconf 87' lang='lat' dir='ltr'>hier</span> <span class='ocrx_word' id='word_1_271' title='bbox 568 2031 865 2064; x_wconf 86' lang='lat' dir='ltr'>anzunehmenden</span> 
     </span>
     <span class='ocr_line' id='line_1_41' title="bbox 191 2077 866 2120; baseline -0.003 -10"><span class='ocrx_word' id='word_1_272' title='bbox 191 2077 389 2120; x_wconf 81' lang='lat' dir='ltr'>Bedeutung</span> <span class='ocrx_word' id='word_1_273' title='bbox 423 2077 637 2120; x_wconf 73' lang='lat' dir='ltr'>gewohnlich</span> <span class='ocrx_word' id='word_1_274' title='bbox 672 2077 866 2109; x_wconf 81' lang='lat' dir='ltr'>verbunden</span> 
     </span>
     <span class='ocr_line' id='line_1_42' title="bbox 191 2122 865 2165; baseline 0.003 -11"><span class='ocrx_word' id='word_1_275' title='bbox 191 2122 285 2164; x_wconf 88' lang='lat' dir='ltr'>wird,</span> <span class='ocrx_word' id='word_1_276' title='bbox 299 2123 423 2155; x_wconf 84' lang='lat' dir='ltr'>wieder</span> <span class='ocrx_word' id='word_1_277' title='bbox 436 2122 579 2165; x_wconf 83' lang='lat' dir='ltr'>gedacht</span> <span class='ocrx_word' id='word_1_278' title='bbox 594 2122 745 2156; x_wconf 71' lang='lat' dir='ltr'>werdem</span> <span class='ocrx_word' id='word_1_279' title='bbox 770 2133 795 2155; x_wconf 82' lang='lat' dir='ltr'>s.</span> <span class='ocrx_word' id='word_1_280' title='bbox 812 2125 865 2163; x_wconf 77' lang='lat'>35,</span> 
     </span>
     <span class='ocr_line' id='line_1_43' title="bbox 191 2167 867 2210; baseline -0.001 -9"><span class='ocrx_word' id='word_1_281' title='bbox 191 2170 244 2209; x_wconf 72' lang='lat'>28,</span> <span class='ocrx_word' id='word_1_282' title='bbox 263 2170 299 2210; x_wconf 79' lang='lat'>8;</span> <span class='ocrx_word' id='word_1_283' title='bbox 327 2170 379 2207; x_wconf 68' lang='lat'>35,</span> <span class='ocrx_word' id='word_1_284' title='bbox 406 2170 460 2209; x_wconf 79' lang='lat'>25,</span> <span class='ocrx_word' id='word_1_285' title='bbox 491 2170 540 2206; x_wconf 80' lang='lat'>12,</span> <span class='ocrx_word' id='word_1_286' title='bbox 565 2167 763 2200; x_wconf 84' lang='lat' dir='ltr'>scliwerlich</span> <span class='ocrx_word' id='word_1_287' title='bbox 790 2168 867 2200; x_wconf 85' lang='lat' dir='ltr'>aber</span> 
     </span>
     <span class='ocr_line' id='line_1_44' title="bbox 192 2212 867 2255; baseline 0.001 -11"><span class='ocrx_word' id='word_1_288' title='bbox 192 2217 307 2245; x_wconf 76' lang='lat' dir='ltr'>castra</span> <span class='ocrx_word' id='word_1_289' title='bbox 333 2224 474 2255; x_wconf 76' lang='lat' dir='ltr'>ponere,</span> <span class='ocrx_word' id='word_1_290' title='bbox 500 2213 540 2245; x_wconf 93' lang='lat' dir='ltr'>da</span> <span class='ocrx_word' id='word_1_291' title='bbox 556 2213 660 2246; x_wconf 89' lang='lat' dir='ltr'>Hann.</span> <span class='ocrx_word' id='word_1_292' title='bbox 676 2213 796 2245; x_wconf 71' lang='lat' dir='ltr'>vorher</span> <span class='ocrx_word' id='word_1_293' title='bbox 815 2212 867 2245; x_wconf 89' lang='lat' dir='ltr'>die</span> 
     </span>
     <span class='ocr_line' id='line_1_45' title="bbox 191 2257 867 2296; baseline 0 -6"><span class='ocrx_word' id='word_1_294' title='bbox 191 2258 287 2291; x_wconf 81' lang='lat' dir='ltr'>stadt</span> <span class='ocrx_word' id='word_1_295' title='bbox 320 2269 359 2291; x_wconf 90' lang='lat' dir='ltr'>zu</span> <span class='ocrx_word' id='word_1_296' title='bbox 391 2258 579 2296; x_wconf 87' lang='lat' dir='ltr'>erreichen,</span> <span class='ocrx_word' id='word_1_297' title='bbox 620 2258 709 2291; x_wconf 81' lang='lat' dir='ltr'>nicht</span> <span class='ocrx_word' id='word_1_298' title='bbox 743 2258 774 2290; x_wconf 90' lang='lat' dir='ltr'>in</span> <span class='ocrx_word' id='word_1_299' title='bbox 810 2257 867 2290; x_wconf 83' lang='lat' dir='ltr'>der</span> 
     </span>
     <span class='ocr_line' id='line_1_46' title="bbox 192 2303 867 2346; baseline 0 -10"><span class='ocrx_word' id='word_1_300' title='bbox 192 2304 284 2337; x_wconf 75' lang='lat' dir='ltr'>Nalie</span> <span class='ocrx_word' id='word_1_301' title='bbox 310 2303 484 2337; x_wconf 78' lang='lat' dir='ltr'>derselben</span> <span class='ocrx_word' id='word_1_302' title='bbox 509 2304 580 2336; x_wconf 89' lang='lat' dir='ltr'>sich</span> <span class='ocrx_word' id='word_1_303' title='bbox 606 2313 645 2335; x_wconf 90' lang='lat' dir='ltr'>zu</span> <span class='ocrx_word' id='word_1_304' title='bbox 672 2303 784 2346; x_wconf 82' lang='lat' dir='ltr'>lagern</span> <span class='ocrx_word' id='word_1_305' title='bbox 811 2303 867 2336; x_wconf 88' lang='lat' dir='ltr'>be-</span> 
     </span>
     <span class='ocr_line' id='line_1_47' title="bbox 192 2348 868 2391; baseline 0.001 -12"><span class='ocrx_word' id='word_1_306' title='bbox 192 2348 372 2391; x_wconf 80' lang='lat' dir='ltr'>nbsielitigt</span> <span class='ocrx_word' id='word_1_307' title='bbox 398 2348 504 2381; x_wconf 87' lang='lat' dir='ltr'>haben</span> <span class='ocrx_word' id='word_1_308' title='bbox 527 2348 634 2386; x_wconf 71' lang='lat' dir='ltr'>kann,</span> <span class='ocrx_word' id='word_1_309' title='bbox 660 2348 692 2380; x_wconf 88' lang='lat' dir='ltr'>in</span> <span class='ocrx_word' id='word_1_310' title='bbox 712 2351 868 2391; x_wconf 71' lang='lat' dir='ltr'>spateren</span> 
     </span>
     <span class='ocr_line' id='line_1_48' title="bbox 193 2393 869 2435; baseline 0.001 -10"><span class='ocrx_word' id='word_1_311' title='bbox 193 2393 245 2426; x_wconf 85' lang='lat' dir='ltr'>Hs.</span> <span class='ocrx_word' id='word_1_312' title='bbox 261 2393 365 2425; x_wconf 83' lang='lat' dir='ltr'>findet</span> <span class='ocrx_word' id='word_1_313' title='bbox 389 2394 459 2426; x_wconf 89' lang='lat' dir='ltr'>sich</span> <span class='ocrx_word' id='word_1_314' title='bbox 475 2397 692 2435; x_wconf 68' lang='lat' dir='ltr'>constitet-M,</span> <span class='ocrx_word' id='word_1_315' title='bbox 720 2403 788 2426; x_wconf 86' lang='lat' dir='ltr'>was</span> <span class='ocrx_word' id='word_1_316' title='bbox 804 2394 869 2426; x_wconf 79' lang='lat' dir='ltr'>An-</span> 
     </span>
     <span class='ocr_line' id='line_1_49' title="bbox 192 2438 868 2480; baseline 0 -10"><span class='ocrx_word' id='word_1_317' title='bbox 192 2438 268 2470; x_wconf 90' lang='lat' dir='ltr'>dere</span> <span class='ocrx_word' id='word_1_318' title='bbox 287 2438 474 2471; x_wconf 78' lang='lat' dir='ltr'>vorziehen.</span> <span class='ocrx_word' id='word_1_319' title='bbox 490 2459 533 2463; x_wconf 89' lang='lat'>-—</span> <span class='ocrx_word' id='word_1_320' title='bbox 549 2443 766 2480; x_wconf 73' lang='lat' dir='ltr'>accepturos,</span> <span class='ocrx_word' id='word_1_321' title='bbox 792 2439 868 2472; x_wconf 82' lang='lat' dir='ltr'>weil</span> 
     </span>
     <span class='ocr_line' id='line_1_50' title="bbox 191 2483 869 2526; baseline 0.001 -11"><span class='ocrx_word' id='word_1_322' title='bbox 191 2483 244 2516; x_wconf 87' lang='lat' dir='ltr'>die</span> <span class='ocrx_word' id='word_1_323' title='bbox 269 2483 480 2526; x_wconf 80' lang='lat' dir='ltr'>Verzeiliung</span> <span class='ocrx_word' id='word_1_324' title='bbox 507 2485 555 2517; x_wconf 86' lang='lat' dir='ltr'>als</span> <span class='ocrx_word' id='word_1_325' title='bbox 580 2484 688 2517; x_wconf 84' lang='lat' dir='ltr'>sicher</span> <span class='ocrx_word' id='word_1_326' title='bbox 713 2488 869 2517; x_wconf 84' lang='lat' dir='ltr'>erwartet</span> 
     </span>
     <span class='ocr_line' id='line_1_51' title="bbox 193 2528 866 2571; baseline 0.003 -12"><span class='ocrx_word' id='word_1_327' title='bbox 193 2528 349 2561; x_wconf 54' lang='lat' dir='ltr'>wirdu—</span> <span class='ocrx_word' id='word_1_328' title='bbox 376 2530 418 2560; x_wconf 78' lang='lat' dir='ltr'>iis</span> <span class='ocrx_word' id='word_1_329' title='bbox 443 2529 506 2561; x_wconf 88' lang='lat' dir='ltr'>den</span> <span class='ocrx_word' id='word_1_330' title='bbox 532 2529 810 2571; x_wconf 78' lang='lat' dir='ltr'>Metapontinern.</span> <span class='ocrx_word' id='word_1_331' title='bbox 827 2548 866 2553; x_wconf 85' lang='lat'><strong>—</strong></span> 
     </span>
     <span class='ocr_line' id='line_1_52' title="bbox 192 2574 748 2615; baseline 0.005 -12"><span class='ocrx_word' id='word_1_332' title='bbox 192 2576 326 2615; x_wconf 74' lang='lat' dir='ltr'>priora,</span> <span class='ocrx_word' id='word_1_333' title='bbox 353 2574 415 2606; x_wconf 85' lang='lat' dir='ltr'>wie</span> <span class='ocrx_word' id='word_1_334' title='bbox 442 2584 468 2606; x_wconf 90' lang='lat' dir='ltr'>c.</span> <span class='ocrx_word' id='word_1_335' title='bbox 500 2577 550 2613; x_wconf 84' lang='lat'>15,</span> <span class='ocrx_word' id='word_1_336' title='bbox 576 2576 610 2607; x_wconf 82' lang='lat'>2:</span> <span class='ocrx_word' id='word_1_337' title='bbox 638 2585 748 2606; x_wconf 73' lang='lat' dir='ltr'>ert-or.</span> 
     </span>
    </p>
   </div>
   <div class='ocr_carea' id='block_1_21' title="bbox 441 1379 1617 1431">
    <p class='ocr_par' dir='ltr' id='par_1_21' title="bbox 441 1379 1617 1431">
     <span class='ocr_line' id='line_1_53' title="bbox 441 1379 1617 1431; baseline 0 -13"><span class='ocrx_word' id='word_1_338' title='bbox 441 1379 719 1431; x_wconf 86' lang='lat' dir='ltr'>Metapontini,</span> <span class='ocrx_word' id='word_1_339' title='bbox 757 1386 963 1431; x_wconf 87' lang='lat' dir='ltr'>postquam</span> <span class='ocrx_word' id='word_1_340' title='bbox 992 1379 1038 1418; x_wconf 87' lang='lat' dir='ltr'>ad</span> <span class='ocrx_word' id='word_1_341' title='bbox 1061 1379 1317 1420; x_wconf 86' lang='lat' dir='ltr'>constitutum</span> <span class='ocrx_word' id='word_1_342' title='bbox 1350 1391 1430 1418; x_wconf 92' lang='lat' dir='ltr'>non</span> <span class='ocrx_word' id='word_1_343' title='bbox 1461 1385 1617 1418; x_wconf 86' lang='lat' dir='ltr'>venerat</span> 
     </span>
    </p>
   </div>
   <div class='ocr_carea' id='block_1_22' title="bbox 937 1490 1618 1714">
    <p class='ocr_par' dir='ltr' id='par_1_22' title="bbox 937 1490 1618 1714">
     <span class='ocr_line' id='line_1_54' title="bbox 988 1490 1618 1532; baseline -0.002 -9"><span class='ocrx_word' id='word_1_344' title='bbox 988 1492 1141 1524; x_wconf 88' lang='grc'><strong>13-16.</strong></span> <span class='ocrx_word' id='word_1_345' title='bbox 1173 1493 1370 1532; x_wconf 67' lang='lat' dir='ltr'>enimvero,</span> <span class='ocrx_word' id='word_1_346' title='bbox 1401 1490 1460 1523; x_wconf 87' lang='lat' dir='ltr'>mit</span> <span class='ocrx_word' id='word_1_347' title='bbox 1493 1490 1618 1523; x_wconf 82' lang='lat' dir='ltr'>vollem</span> 
     </span>
     <span class='ocr_line' id='line_1_55' title="bbox 939 1535 1618 1578; baseline 0.001 -10"><span class='ocrx_word' id='word_1_348' title='bbox 939 1535 1076 1578; x_wconf 69' lang='lat' dir='ltr'>Recine,</span> <span class='ocrx_word' id='word_1_349' title='bbox 1103 1535 1280 1576; x_wconf 82' lang='lat' dir='ltr'>natiirlich,</span> <span class='ocrx_word' id='word_1_350' title='bbox 1305 1546 1331 1568; x_wconf 89' lang='lat' dir='ltr'>s.</span> <span class='ocrx_word' id='word_1_351' title='bbox 1359 1546 1387 1568; x_wconf 90' lang='lat' dir='ltr'>c.</span> <span class='ocrx_word' id='word_1_352' title='bbox 1415 1538 1467 1574; x_wconf 88' lang='lat'>30,</span> <span class='ocrx_word' id='word_1_353' title='bbox 1497 1538 1549 1569; x_wconf 69' lang='lat'>14.</span> <span class='ocrx_word' id='word_1_354' title='bbox 1573 1554 1618 1560; x_wconf 90' lang='grc'>--</span> 
     </span>
     <span class='ocr_line' id='line_1_56' title="bbox 937 1580 1617 1620; baseline 0.001 -7"><span class='ocrx_word' id='word_1_355' title='bbox 937 1582 1062 1620; x_wconf 72' lang='lat' dir='ltr'>fuisset</span> <span class='ocrx_word' id='word_1_356' title='bbox 1076 1581 1207 1613; x_wconf 85' lang='lat' dir='ltr'>vertritt</span> <span class='ocrx_word' id='word_1_357' title='bbox 1220 1580 1279 1614; x_wconf 89' lang='lat' dir='ltr'>das</span> <span class='ocrx_word' id='word_1_358' title='bbox 1298 1581 1357 1613; x_wconf 91' lang='lat' dir='ltr'>fut.</span> <span class='ocrx_word' id='word_1_359' title='bbox 1373 1586 1496 1613; x_wconf 84' lang='lat' dir='ltr'>exact.:</span> <span class='ocrx_word' id='word_1_360' title='bbox 1519 1591 1617 1614; x_wconf 85' lang='lat' dir='ltr'>wenn</span> 
     </span>
     <span class='ocr_line' id='line_1_57' title="bbox 938 1625 1618 1668; baseline 0.001 -10"><span class='ocrx_word' id='word_1_361' title='bbox 938 1625 996 1659; x_wconf 89' lang='lat' dir='ltr'>der</span> <span class='ocrx_word' id='word_1_362' title='bbox 1022 1626 1134 1668; x_wconf 81' lang='lat' dir='ltr'>Erfolg</span> <span class='ocrx_word' id='word_1_363' title='bbox 1160 1626 1274 1668; x_wconf 85' lang='lat' dir='ltr'>zeigen</span> <span class='ocrx_word' id='word_1_364' title='bbox 1309 1625 1440 1666; x_wconf 82' lang='lat' dir='ltr'>wiirde,</span> <span class='ocrx_word' id='word_1_365' title='bbox 1471 1626 1548 1659; x_wconf 90' lang='lat' dir='ltr'>dass</span> <span class='ocrx_word' id='word_1_366' title='bbox 1573 1645 1618 1649; x_wconf 93' lang='lat'>——</span> 
     </span>
     <span class='ocr_line' id='line_1_58' title="bbox 939 1671 1618 1714; baseline 0 -11"><span class='ocrx_word' id='word_1_367' title='bbox 939 1671 1027 1704; x_wconf 85' lang='lat' dir='ltr'>nicht</span> <span class='ocrx_word' id='word_1_368' title='bbox 1054 1681 1212 1714; x_wconf 83' lang='lat' dir='ltr'>gewesen</span> <span class='ocrx_word' id='word_1_369' title='bbox 1244 1672 1309 1712; x_wconf 87' lang='lat' dir='ltr'>sei,</span> <span class='ocrx_word' id='word_1_370' title='bbox 1340 1671 1408 1714; x_wconf 76' lang='lat' dir='ltr'>vgl.</span> <span class='ocrx_word' id='word_1_371' title='bbox 1427 1673 1458 1711; x_wconf 85' lang='lat'>3,</span> <span class='ocrx_word' id='word_1_372' title='bbox 1477 1673 1508 1713; x_wconf 77' lang='grc' dir='ltr'>ἵ,</span> <span class='ocrx_word' id='word_1_373' title='bbox 1525 1674 1560 1705; x_wconf 83' lang='lat'>4:</span> <span class='ocrx_word' id='word_1_374' title='bbox 1587 1673 1618 1703; x_wconf 80' lang='lat' dir='ltr'>si</span> 
     </span>
    </p>
   </div>
   <div class='ocr_carea' id='block_1_23' title="bbox 937 1718 1728 1804">
    <p class='ocr_par' dir='ltr' id='par_1_23' title="bbox 937 1718 1728 1804">
     <span class='ocr_line' id='line_1_59' title="bbox 938 1718 1728 1762; baseline 0.001 -14"><span class='ocrx_word' id='word_1_375' title='bbox 938 1727 1001 1749; x_wconf 79' lang='lat' dir='ltr'>nee</span> <span class='ocrx_word' id='word_1_376' title='bbox 1026 1718 1239 1748; x_wconf 75' lang='lat' dir='ltr'>obslilissenl</span> <span class='ocrx_word' id='word_1_377' title='bbox 1264 1721 1340 1752; x_wconf 81' lang='lat' dir='ltr'>etc..</span> <span class='ocrx_word' id='word_1_378' title='bbox 1367 1727 1407 1748; x_wconf 90' lang='lat' dir='ltr'>zu</span> <span class='ocrx_word' id='word_1_379' title='bbox 1433 1718 1486 1758; x_wconf 77' lang='lat'>21,</span> <span class='ocrx_word' id='word_1_380' title='bbox 1512 1718 1615 1758; x_wconf 87' lang='lat'>33‚9;</span> <span class='ocrx_word' id='word_1_381' title='bbox 1659 1720 1692 1762; x_wconf 45' lang='grc' dir='ltr'>’χ</span> <span class='ocrx_word' id='word_1_382' title='bbox 1725 1753 1728 1759; x_wconf 26' lang='grc' dir='ltr'><strong>Δ</strong></span> 
     </span>
     <span class='ocr_line' id='line_1_60' title="bbox 937 1761 1681 1804; baseline 0.001 -10"><span class='ocrx_word' id='word_1_383' title='bbox 937 1761 995 1794; x_wconf 90' lang='lat' dir='ltr'>der</span> <span class='ocrx_word' id='word_1_384' title='bbox 1019 1761 1096 1795; x_wconf 83' lang='lat' dir='ltr'>Satz</span> <span class='ocrx_word' id='word_1_385' title='bbox 1131 1762 1259 1794; x_wconf 76' lang='lat' dir='ltr'>enthalt</span> <span class='ocrx_word' id='word_1_386' title='bbox 1293 1761 1384 1795; x_wconf 88' lang='lat' dir='ltr'>nicht</span> <span class='ocrx_word' id='word_1_387' title='bbox 1414 1761 1472 1794; x_wconf 86' lang='lat' dir='ltr'>das</span> <span class='ocrx_word' id='word_1_388' title='bbox 1499 1762 1617 1804; x_wconf 87' lang='lat' dir='ltr'>Object</span> <span class='ocrx_word' id='word_1_389' title='bbox 1675 1767 1681 1775; x_wconf 73' lang='lat'>⁸</span> 
     </span>
    </p>
   </div>
   <div class='ocr_carea' id='block_1_24' title="bbox 937 1806 1617 1894">
    <p class='ocr_par' dir='ltr' id='par_1_24' title="bbox 937 1806 1617 1894">
     <span class='ocr_line' id='line_1_61' title="bbox 937 1806 1617 1848; baseline 0.003 -10"><span class='ocrx_word' id='word_1_390' title='bbox 937 1817 1002 1840; x_wconf 82' lang='lat' dir='ltr'>von</span> <span class='ocrx_word' id='word_1_391' title='bbox 1030 1808 1152 1848; x_wconf 76' lang='lat' dir='ltr'>laetus,</span> <span class='ocrx_word' id='word_1_392' title='bbox 1178 1806 1323 1840; x_wconf 86' lang='lat' dir='ltr'>sondern</span> <span class='ocrx_word' id='word_1_393' title='bbox 1342 1807 1416 1840; x_wconf 87' lang='lat' dir='ltr'>eine</span> <span class='ocrx_word' id='word_1_394' title='bbox 1433 1806 1617 1840; x_wconf 72' lang='lat' dir='ltr'>Beschran-</span> 
     </span>
     <span class='ocr_line' id='line_1_62' title="bbox 937 1851 1616 1894; baseline 0.001 -10"><span class='ocrx_word' id='word_1_395' title='bbox 937 1852 1031 1894; x_wconf 86' lang='lat' dir='ltr'>kung</span> <span class='ocrx_word' id='word_1_396' title='bbox 1056 1863 1122 1885; x_wconf 79' lang='lat' dir='ltr'>von</span> <span class='ocrx_word' id='word_1_397' title='bbox 1142 1863 1316 1891; x_wconf 80' lang='lat' dir='ltr'>successu,</span> <span class='ocrx_word' id='word_1_398' title='bbox 1342 1851 1400 1885; x_wconf 90' lang='lat' dir='ltr'>der</span> <span class='ocrx_word' id='word_1_399' title='bbox 1417 1851 1505 1884; x_wconf 89' lang='lat' dir='ltr'>noch</span> <span class='ocrx_word' id='word_1_400' title='bbox 1523 1851 1616 1885; x_wconf 88' lang='lat' dir='ltr'>nicht</span> 
     </span>
    </p>
   </div>
   <div class='ocr_carea' id='block_1_25' title="bbox 936 1877 1728 1940">
    <p class='ocr_par' dir='ltr' id='par_1_25' title="bbox 936 1877 1728 1940">
     <span class='ocr_line' id='line_1_63' title="bbox 936 1877 1728 1940; baseline 0 -10"><span class='ocrx_word' id='word_1_401' title='bbox 936 1898 1060 1939; x_wconf 83' lang='lat' dir='ltr'>gewiss</span> <span class='ocrx_word' id='word_1_402' title='bbox 1086 1898 1147 1940; x_wconf 78' lang='lat' dir='ltr'>ist3</span> <span class='ocrx_word' id='word_1_403' title='bbox 1174 1898 1615 1936; x_wconf 70' lang='lat' dir='ltr'>anders45‚13‚7u.a.-—</span> <span class='ocrx_word' id='word_1_404' title='bbox 1675 1914 1678 1915; x_wconf 28' lang='grc' dir='ltr'><em>ν</em></span> <span class='ocrx_word' id='word_1_405' title='bbox 1723 1877 1728 1913; x_wconf 48' lang='lat'>3</span> 
     </span>
    </p>
   </div>
   <div class='ocr_carea' id='block_1_26' title="bbox 936 1922 1617 2618">
    <p class='ocr_par' dir='ltr' id='par_1_26' title="bbox 936 1922 1617 2618">
     <span class='ocr_line' id='line_1_64' title="bbox 938 1922 1617 1984; baseline 0.003 -11"><span class='ocrx_word' id='word_1_406' title='bbox 938 1945 1150 1984; x_wconf 75' lang='lat' dir='ltr'>auspicanti,</span> <span class='ocrx_word' id='word_1_407' title='bbox 1181 1941 1232 1974; x_wconf 90' lang='lat' dir='ltr'>die</span> <span class='ocrx_word' id='word_1_408' title='bbox 1259 1922 1444 1975; x_wconf 76' lang='lat' dir='ltr'>natfirliclie</span> <span class='ocrx_word' id='word_1_409' title='bbox 1469 1941 1617 1976; x_wconf 85' lang='lat' dir='ltr'>Ursache</span> 
     </span>
     <span class='ocr_line' id='line_1_65' title="bbox 937 1982 1616 2029; baseline 0 -10"><span class='ocrx_word' id='word_1_410' title='bbox 937 1988 1007 2029; x_wconf 86' lang='lat' dir='ltr'>gibt</span> <span class='ocrx_word' id='word_1_411' title='bbox 1034 1987 1150 2020; x_wconf 88' lang='lat' dir='ltr'>Zonar.</span> <span class='ocrx_word' id='word_1_412' title='bbox 1177 1997 1234 2019; x_wconf 90' lang='lat' dir='ltr'>an:</span> <span class='ocrx_word' id='word_1_413' title='bbox 1266 1989 1324 2019; x_wconf 82' lang='grc' dir='ltr'>καὶ</span> <span class='ocrx_word' id='word_1_414' title='bbox 1349 1982 1385 2020; x_wconf 76' lang='grc' dir='ltr'>ὃς</span> <span class='ocrx_word' id='word_1_415' title='bbox 1411 1985 1616 2029; x_wconf 74' lang='grc' dir='ltr'>ίπετόπησε</span> 
     </span>
     <span class='ocr_line' id='line_1_66' title="bbox 936 2030 1616 2087; baseline -0.001 -22"><span class='ocrx_word' id='word_1_416' title='bbox 936 2030 977 2065; x_wconf 82' lang='grc' dir='ltr'>τὸ</span> <span class='ocrx_word' id='word_1_417' title='bbox 1003 2030 1271 2085; x_wconf 66' lang='grc' dir='ltr'><em>πραττόμεν’,οι</em></span> <span class='ocrx_word' id='word_1_418' title='bbox 1305 2035 1362 2065; x_wconf 75' lang='grc' dir='ltr'>καὶ</span> <span class='ocrx_word' id='word_1_419' title='bbox 1388 2030 1616 2087; x_wconf 77' lang='grc' dir='ltr'><em>παραβαλὼν</em></span> 
     </span>
     <span class='ocr_line' id='line_1_67' title="bbox 936 2074 1617 2123; baseline 0 -13"><span class='ocrx_word' id='word_1_420' title='bbox 936 2076 980 2110; x_wconf 77' lang='grc' dir='ltr'>τὰ</span> <span class='ocrx_word' id='word_1_421' title='bbox 1005 2074 1201 2123; x_wconf 69' lang='grc' dir='ltr'>)ράμματα</span> <span class='ocrx_word' id='word_1_422' title='bbox 1225 2079 1305 2110; x_wconf 70' lang='grc' dir='ltr'><strong><em>ταῖς</em></strong></span> <span class='ocrx_word' id='word_1_423' title='bbox 1329 2075 1552 2117; x_wconf 70' lang='grc' dir='ltr'><em>ἐπιστολαῖς,</em></span> <span class='ocrx_word' id='word_1_424' title='bbox 1576 2074 1617 2110; x_wconf 74' lang='grc' dir='ltr'>ἃς</span> 
     </span>
     <span class='ocr_line' id='line_1_68' title="bbox 938 2120 1615 2176; baseline 0 -21"><span class='ocrx_word' id='word_1_425' title='bbox 938 2125 1008 2156; x_wconf 81' lang='grc' dir='ltr'><em>τοῖς</em></span> <span class='ocrx_word' id='word_1_426' title='bbox 1046 2125 1277 2166; x_wconf 75' lang='lat' dir='ltr'>Ta9avrt&#39;svot</span> <span class='ocrx_word' id='word_1_427' title='bbox 1310 2123 1398 2155; x_wconf 76' lang='grc' dir='ltr'><strong><em>ποτὲ</em></strong></span> <span class='ocrx_word' id='word_1_428' title='bbox 1428 2120 1615 2176; x_wconf 75' lang='grc' dir='ltr'><em>εγεγράφει</em></span> 
     </span>
     <span class='ocr_line' id='line_1_69' title="bbox 936 2166 1614 2213; baseline 0.001 -13"><span class='ocrx_word' id='word_1_429' title='bbox 936 2168 1142 2209; x_wconf 85' lang='lat' dir='ltr'>(Hannibal),</span> <span class='ocrx_word' id='word_1_430' title='bbox 1192 2179 1453 2213; x_wconf 74' lang='grc' dir='ltr'><em>κατεφωρασεν</em></span> <span class='ocrx_word' id='word_1_431' title='bbox 1489 2186 1532 2192; x_wconf 86' lang='grc'><strong>-</strong></span> <span class='ocrx_word' id='word_1_432' title='bbox 1572 2166 1614 2201; x_wconf 86' lang='grc' dir='ltr'>τὸ</span> 
     </span>
     <span class='ocr_line' id='line_1_70' title="bbox 938 2199 1616 2256; baseline 0.003 -11"><span class='ocrx_word' id='word_1_433' title='bbox 938 2210 1188 2256; x_wconf 69' lang='grc' dir='ltr'>ἐπιβούλειιια</span> <span class='ocrx_word' id='word_1_434' title='bbox 1215 2232 1259 2236; x_wconf 90' lang='grc'>-</span> <span class='ocrx_word' id='word_1_435' title='bbox 1283 2199 1388 2245; x_wconf 81' lang='lat' dir='ltr'>semel</span> <span class='ocrx_word' id='word_1_436' title='bbox 1416 2225 1446 2246; x_wconf 89' lang='lat' dir='ltr'>a.</span> <span class='ocrx_word' id='word_1_437' title='bbox 1474 2216 1531 2253; x_wconf 80' lang='grc' dir='ltr'>ιί.,</span> <span class='ocrx_word' id='word_1_438' title='bbox 1563 2213 1616 2247; x_wconf 83' lang='lat' dir='ltr'>die</span> 
     </span>
     <span class='ocr_line' id='line_1_71' title="bbox 937 2258 1616 2300; baseline 0.002 -10"><span class='ocrx_word' id='word_1_439' title='bbox 937 2259 1117 2300; x_wconf 82' lang='lat' dir='ltr'>Auspieien</span> <span class='ocrx_word' id='word_1_440' title='bbox 1144 2258 1277 2291; x_wconf 76' lang='lat' dir='ltr'>konnen</span> <span class='ocrx_word' id='word_1_441' title='bbox 1308 2258 1507 2292; x_wconf 82' lang='lat' dir='ltr'>wiederholt</span> <span class='ocrx_word' id='word_1_442' title='bbox 1533 2269 1616 2292; x_wconf 87' lang='lat' dir='ltr'>wer-</span> 
     </span>
     <span class='ocr_line' id='line_1_72' title="bbox 938 2303 1616 2344; baseline 0.001 -9"><span class='ocrx_word' id='word_1_443' title='bbox 938 2304 1015 2344; x_wconf 88' lang='lat' dir='ltr'>den,</span> <span class='ocrx_word' id='word_1_444' title='bbox 1029 2314 1057 2335; x_wconf 65' lang='lat' dir='ltr'>u</span> <span class='ocrx_word' id='word_1_445' title='bbox 1063 2304 1091 2336; x_wconf 91' lang='lat' dir='ltr'>ie</span> <span class='ocrx_word' id='word_1_446' title='bbox 1105 2303 1164 2337; x_wconf 86' lang='lat' dir='ltr'>das</span> <span class='ocrx_word' id='word_1_447' title='bbox 1178 2303 1380 2337; x_wconf 80' lang='lat' dir='ltr'>Schlachten</span> <span class='ocrx_word' id='word_1_448' title='bbox 1399 2303 1457 2337; x_wconf 88' lang='lat' dir='ltr'>der</span> <span class='ocrx_word' id='word_1_449' title='bbox 1475 2304 1616 2343; x_wconf 84' lang='lat' dir='ltr'>hostiae,</span> 
     </span>
     <span class='ocr_line' id='line_1_73' title="bbox 938 2348 1614 2391; baseline 0.001 -10"><span class='ocrx_word' id='word_1_450' title='bbox 938 2348 1037 2381; x_wconf 88' lang='lat' dir='ltr'>deren</span> <span class='ocrx_word' id='word_1_451' title='bbox 1065 2353 1146 2380; x_wconf 64' lang='lat' dir='ltr'>arta</span> <span class='ocrx_word' id='word_1_452' title='bbox 1166 2349 1297 2391; x_wconf 83' lang='lat' dir='ltr'>befragt</span> <span class='ocrx_word' id='word_1_453' title='bbox 1312 2349 1457 2391; x_wconf 83' lang='lat' dir='ltr'>werden,</span> <span class='ocrx_word' id='word_1_454' title='bbox 1473 2359 1500 2382; x_wconf 91' lang='lat' dir='ltr'>c.</span> <span class='ocrx_word' id='word_1_455' title='bbox 1515 2350 1569 2390; x_wconf 87' lang='lat'>23,</span> <span class='ocrx_word' id='word_1_456' title='bbox 1585 2351 1614 2382; x_wconf 73' lang='lat'>4.</span> 
     </span>
     <span class='ocr_line' id='line_1_74' title="bbox 938 2394 1616 2435; baseline 0 -10"><span class='ocrx_word' id='word_1_457' title='bbox 938 2413 981 2418; x_wconf 88' lang='lat'><strong>—</strong></span> <span class='ocrx_word' id='word_1_458' title='bbox 1007 2404 1086 2426; x_wconf 78' lang='lat' dir='ltr'>aves</span> <span class='ocrx_word' id='word_1_459' title='bbox 1112 2394 1180 2435; x_wconf 65' lang='lat' dir='ltr'>ad„</span> <span class='ocrx_word' id='word_1_460' title='bbox 1206 2405 1231 2427; x_wconf 88' lang='lat' dir='ltr'>s.</span> <span class='ocrx_word' id='word_1_461' title='bbox 1250 2397 1277 2435; x_wconf 92' lang='lat'>1,</span> <span class='ocrx_word' id='word_1_462' title='bbox 1296 2397 1349 2433; x_wconf 84' lang='lat'>36,</span> <span class='ocrx_word' id='word_1_463' title='bbox 1365 2396 1395 2428; x_wconf 88' lang='lat'>3.</span> <span class='ocrx_word' id='word_1_464' title='bbox 1421 2414 1463 2418; x_wconf 90' lang='lat'><strong>—</strong></span> <span class='ocrx_word' id='word_1_465' title='bbox 1489 2397 1616 2426; x_wconf 71' lang='lat' dir='ltr'>consti-</span> 
     </span>
     <span class='ocr_line' id='line_1_75' title="bbox 940 2439 1616 2480; baseline 0 -10"><span class='ocrx_word' id='word_1_466' title='bbox 940 2443 1052 2471; x_wconf 73' lang='lat' dir='ltr'>tutum</span> <span class='ocrx_word' id='word_1_467' title='bbox 1079 2442 1167 2472; x_wconf 70' lang='lat' dir='ltr'>ware</span> <span class='ocrx_word' id='word_1_468' title='bbox 1195 2439 1257 2472; x_wconf 85' lang='lat' dir='ltr'>wie</span> <span class='ocrx_word' id='word_1_469' title='bbox 1279 2450 1306 2472; x_wconf 87' lang='lat' dir='ltr'>c.</span> <span class='ocrx_word' id='word_1_470' title='bbox 1325 2441 1431 2480; x_wconf 83' lang='lat'><strong>23‚5:</strong></span> <span class='ocrx_word' id='word_1_471' title='bbox 1460 2441 1616 2478; x_wconf 79' lang='lat' dir='ltr'>incerto,-</span> 
     </span>
     <span class='ocr_line' id='line_1_76' title="bbox 940 2484 1616 2527; baseline -0.001 -10"><span class='ocrx_word' id='word_1_472' title='bbox 940 2486 970 2525; x_wconf 84' lang='lat'>3,</span> <span class='ocrx_word' id='word_1_473' title='bbox 986 2486 1038 2523; x_wconf 82' lang='lat'>22,</span> <span class='ocrx_word' id='word_1_474' title='bbox 1054 2487 1087 2517; x_wconf 71' lang='lat'>4:</span> <span class='ocrx_word' id='word_1_475' title='bbox 1116 2484 1162 2516; x_wconf 84' lang='lat' dir='ltr'>ad</span> <span class='ocrx_word' id='word_1_476' title='bbox 1182 2484 1272 2516; x_wconf 79' lang='lat' dir='ltr'>diem</span> <span class='ocrx_word' id='word_1_477' title='bbox 1291 2487 1540 2527; x_wconf 75' lang='lat' dir='ltr'>praestitutum</span> <span class='ocrx_word' id='word_1_478' title='bbox 1559 2494 1616 2527; x_wconf 88' lang='lat' dir='ltr'>ge-</span> 
     </span>
     <span class='ocr_line' id='line_1_77' title="bbox 939 2529 1615 2572; baseline -0.001 -10"><span class='ocrx_word' id='word_1_479' title='bbox 939 2534 1029 2571; x_wconf 76' lang='lat' dir='ltr'>sagt;</span> <span class='ocrx_word' id='word_1_480' title='bbox 1064 2529 1276 2572; x_wconf 76' lang='lat' dir='ltr'>gewohnlich</span> <span class='ocrx_word' id='word_1_481' title='bbox 1310 2529 1390 2562; x_wconf 76' lang='lat' dir='ltr'>wird</span> <span class='ocrx_word' id='word_1_482' title='bbox 1420 2529 1450 2561; x_wconf 94' lang='lat' dir='ltr'>in</span> <span class='ocrx_word' id='word_1_483' title='bbox 1477 2529 1615 2562; x_wconf 88' lang='lat' dir='ltr'>solchen</span> 
     </span>
     <span class='ocr_line' id='line_1_78' title="bbox 941 2573 1616 2618; baseline 0.001 -12"><span class='ocrx_word' id='word_1_484' title='bbox 941 2574 1050 2607; x_wconf 74' lang='lat' dir='ltr'>Fallen</span> <span class='ocrx_word' id='word_1_485' title='bbox 1066 2575 1124 2607; x_wconf 81' lang='lat' dir='ltr'>das</span> <span class='ocrx_word' id='word_1_486' title='bbox 1140 2575 1225 2608; x_wconf 88' lang='lat' dir='ltr'>Fem.</span> <span class='ocrx_word' id='word_1_487' title='bbox 1239 2574 1433 2618; x_wconf 85' lang='lat' dir='ltr'>gebraucht,</span> <span class='ocrx_word' id='word_1_488' title='bbox 1448 2573 1516 2617; x_wconf 84' lang='lat' dir='ltr'>vgl.</span> <span class='ocrx_word' id='word_1_489' title='bbox 1530 2574 1616 2607; x_wconf 87' lang='lat' dir='ltr'>auch</span> 
     </span>
    </p>
   </div>
   <div class='ocr_carea' id='block_1_27' title="bbox 1661 0 1732 2840">
    <p class='ocr_par' dir='ltr' id='par_1_27' title="bbox 1661 0 1732 2840">
     <span class='ocr_line' id='line_1_79' title="bbox 1661 0 1732 2840; baseline 0 0"><span class='ocrx_word' id='word_1_490' title='bbox 1661 0 1732 2840; x_wconf 95' lang='lat' dir='ltr'> </span> 
     </span>
    </p>
   </div>
  </div>
 </body>
</html>
