1732 2840
214 119 266 160 38
628 121 752 155 LIBER
775 119 891 154 XXIX.
939 120 1031 154 CAP.
1061 123 1111 155 16.
1139 123 1191 155 17.

1485 139 1510 159 a.
1529 126 1557 159 ti.
1577 133 1638 159 550.

214 249 318 282 esse,
341 249 382 276 ea
404 248 538 288 passos
555 247 578 274 a
600 233 645 280 Q.
666 233 856 273 Pleminio
878 234 1004 286 legato
1023 234 1286 287 Romanisque
1307 235 1519 283 militibus,
1536 236 1640 288 vquae

212 294 292 346 pati
324 305 372 331 ne
402 290 731 342 Carthaginiensis
761 290 917 342 quidem
946 291 1036 330 velit
1065 292 1235 343 populus
1256 291 1473 331 Romanus:
1502 303 1641 344 rogare

213 349 269 388 uti
290 349 362 387 sibi
384 356 514 400 patres
542 347 709 387 adeundi
734 347 1042 399 deplorandique
1070 360 1276 387 aerumnas
1301 360 1390 388 suas
1411 354 1642 401 potestatem

212 406 396 444 facerent.

326 460 472 500 Senatu
494 461 581 500 dato
603 460 793 499 maximus
815 466 907 499 natu
930 472 976 498 ex
997 460 1063 498 iis:
1086 460 1208 509 „sci0,
1231 461 1365 511 quanti
1386 460 1642 500 aestimentur

213 524 368 557 nostrae
388 517 491 569 apud
519 529 586 556 vos
608 516 825 568 querellae,
861 522 990 568 patres
1017 516 1248 568 conscripti,
1279 516 1492 568 plurimum
1523 517 1563 556 in
1596 529 1641 556 eo

211 574 402 612 momenti
424 586 528 621 esse,
557 573 588 612 si
611 573 733 625 probe
754 573 905 620 sciatis,
937 578 973 611 et
995 585 1072 624 quo
1093 573 1209 611 modo
1232 573 1375 624 proditi
1397 573 1512 612 Locri
1532 573 1640 613 Han-

214 629 332 669 nibali
357 630 452 677 sint,
483 636 520 668 et
552 642 628 681 quo
658 630 774 668 modo
804 628 918 681 pulso
941 628 1170 668 Hannibalis
1191 629 1384 680 praesidio
1409 630 1580 669 restituti
1599 629 1642 668 in

171 693 191 726 2
212 686 406 726 dicionem
422 692 609 725 vestram:
633 687 780 738 quippe
796 686 827 724 si
847 691 884 724 et
905 685 1018 737 culpa
1041 685 1271 724 defectionis
1291 685 1429 737 procul
1446 699 1465 725 a
1484 685 1642 738 publico

214 742 377 781 consilio
395 743 516 790 absit,
545 749 583 782 et
611 743 778 781 reditum
804 742 844 781 in
865 749 1029 781 vestram
1053 741 1247 781 dicionem
1268 749 1454 794 appareat
1476 755 1553 781 non
1575 754 1643 781 vo·

212 799 360 838 luntate
389 799 516 838 solum
545 799 611 838 sed
641 799 754 837 etiam
785 811 859 851 ope
890 805 927 837 et
956 798 1096 837 virtute
1127 805 1280 846 nostra,
1309 799 1431 849 magis
1460 798 1639 849 indigne-

212 855 308 894 mini
342 855 457 894 bonis
488 867 532 894 ac
559 855 743 894 fidelibus
774 855 890 894 sociis
922 861 999 894 tam
1029 854 1209 905 indignas
1238 855 1400 894 iniurias
1435 855 1482 894 ab
1513 855 1641 906 legato

172 918 191 950 3
210 918 337 950 vestro
367 911 636 963 militibusque
663 911 759 950 fieri.
802 912 869 950 sed
897 923 968 962 ego
1000 923 1155 950 causam
1185 911 1388 963 utriusque
1416 912 1643 951 desectionis

214 974 371 1007 nostrae
392 968 432 1007 in
454 968 555 1007 aliud
579 974 734 1020 tempus
755 968 1008 1007 differendam
1028 967 1194 1007 arbitror
1217 980 1301 1006 esse
1327 968 1490 1007 duarum
1512 980 1643 1007 rerum

172 1031 191 1062 4
212 1025 345 1075 gratia,
363 1025 494 1071 unius,
516 1030 558 1063 ut
575 1036 704 1063 coram
719 1024 761 1063 P.
785 1024 982 1076 Scipione,
1006 1024 1073 1076 qui
1090 1024 1238 1063 Locros
1253 1024 1402 1076 recepit
1417 1032 1453 1064 et
1468 1024 1644 1064 omnium

213 1080 327 1119 nobis
359 1087 463 1119 recte
494 1093 777 1132 perperamque
806 1081 996 1119 factorum
1028 1086 1086 1119 est
1113 1081 1239 1128 testis,
1279 1086 1434 1131 agatur,
1469 1081 1644 1128 alterius,

213 1137 329 1188 quod,
348 1136 650 1188 qualescumque
667 1148 814 1184 sumus,
832 1144 959 1175 tamen
978 1149 1034 1184 ea,
1052 1149 1149 1187 quae
1166 1137 1270 1188 passi
1288 1149 1435 1183 sumus,
1457 1138 1536 1189 pati
1559 1150 1639 1177 non

172 1199 190 1230 5
212 1192 429 1231 debuimus.
478 1205 558 1231 non
590 1205 800 1244 possumus
829 1193 1094 1239 dissimulare,
1131 1199 1260 1245 patres
1290 1194 1524 1246 conscripti,
1557 1206 1642 1242 nos,

213 1260 301 1288 cum
324 1249 560 1300 praesidium
580 1248 773 1288 Punicum
795 1249 834 1288 in
857 1262 944 1288 arce
966 1255 1101 1288 nostra
1122 1249 1366 1297 haberemus,
1388 1250 1508 1289 multa
1529 1250 1641 1290 foeda

213 1311 251 1343 et
267 1305 425 1355 indigna
443 1312 480 1344 et
499 1318 519 1344 a
541 1306 737 1357 praefecto
755 1306 936 1356 praesidii
958 1305 1175 1344 Hamilcare
1199 1312 1236 1344 et
1256 1306 1303 1344 ab
1326 1306 1500 1345 Numidis
1521 1307 1642 1346 Afris-

213 1373 288 1412 que
317 1373 452 1412 passos
482 1373 585 1400 esse:
617 1362 683 1400 sed
707 1362 797 1413 quid
820 1362 883 1400 illa
905 1369 996 1400 sunt
1017 1361 1168 1400 conlata
1190 1374 1279 1401 cum
1302 1362 1371 1408 iis,
1400 1375 1497 1414 quae
1528 1363 1643 1402 hodie

171 1423 190 1455 ὃ
211 1417 402 1469 patimurl
431 1429 519 1456 cum
542 1417 643 1456 bona
664 1418 789 1464 venia,
812 1430 970 1470 quaeso,
992 1418 1170 1465 audiatis,
1192 1424 1322 1470 patres
1339 1419 1566 1471 conscripti,
1589 1419 1641 1467 id,

213 1474 316 1525 quod
345 1473 489 1512 invitus
518 1474 661 1513 dicam:
688 1474 728 1512 in
749 1474 971 1513 discrimine
994 1480 1051 1513 est
1074 1487 1180 1514 nunc
1200 1475 1414 1514 humanum
1435 1487 1552 1515 omne
1572 1487 1642 1527 ge-

171 1536 188 1568 7
212 1542 300 1577 nuS,
323 1536 453 1568 utrum
474 1542 541 1569 vos
562 1543 610 1569 an
633 1530 971 1581 Carthaginienses
993 1531 1192 1583 principes
1221 1538 1409 1570 terrarum
1432 1532 1568 1571 videat.
1609 1532 1644 1570 si*

211 1655 332 1683 essent.
347 1670 383 1674 —
395 1651 561 1692 adeundi,
576 1651 624 1685 sie
638 1652 774 1685 miissen
786 1651 890 1684 durch

210 1697 307 1729 einen
333 1695 508 1739 Magistrat
532 1696 599 1737 (die
624 1696 771 1730 Consuln
808 1696 889 1730 oder

210 1740 274 1774 den
289 1740 513 1784 Stadtprator)
528 1741 718 1784 eingefiihrt
743 1742 889 1775 werden.

255 1784 309 1821 17.
346 1789 442 1820 1-4,
474 1787 645 1829 Eingang:
677 1786 748 1819 ihre
780 1788 891 1829 Ange-

210 1830 381 1873 legenheit
405 1832 451 1864 sei
478 1832 684 1874 ungeaehtet
709 1832 797 1864 ihtes
823 1832 890 1864 Ab·

209 1875 285 1907 falls
310 1875 362 1907 sui*
386 1876 469 1908 Rom
495 1886 561 1908 von
587 1876 820 1919 Wichtigkeit.
847 1895 890 1900 -

208 1922 280 1952 scio
295 1919 382 1953 ohne
396 1922 522 1962 inquit,
537 1922 591 1958 28,
606 1922 660 1961 40,
674 1922 703 1953 3.
714 1923 891 1962 ——quanti

209 1984 237 1988 —
274 1975 344 1996 esse
380 1964 432 1997 fiir
468 1965 523 1997 die
561 1965 793 2008 Bestimmung
831 1965 889 1998 des

209 2009 366 2042 Werthes
393 2029 419 2032 —
445 2009 573 2043 kommt
608 2020 643 2043 es
669 2020 721 2042 am
745 2010 888 2043 meisten

209 2054 328 2086 darauf
349 2064 401 2087 an.
428 2074 469 2078 —
496 2055 627 2088 divion.
660 2055 703 2087 ist
739 2055 807 2087 wol
832 2065 888 2097 ge-

209 2099 325 2139 wiihlt,
351 2100 429 2132 weil
455 2099 508 2133 die
522 2100 703 2134 Locrenser
728 2100 813 2133 nach
830 2100 889 2133 der

209 2144 403 2186 Eroberung
434 2145 526 2178 nicht
559 2145 652 2178 mehr
684 2147 790 2186 socii,
825 2145 889 2178 wie

209 2189 257 2222 sie
283 2189 353 2222 sich
379 2191 398 2231 ξ
424 2191 442 2222 2
471 2200 621 2228 nennen,
654 2190 797 2223 sondern
823 2190 886 2224 den

208 2233 352 2267 Romern
378 2244 463 2277 ganz
488 2235 715 2267 unterworfen
741 2235 834 2277 sind,
858 2245 886 2269 s.

209 2289 235 2311 c.
265 2281 316 2318 19,
342 2281 379 2317 7;
406 2281 459 2320 21,
486 2283 516 2313 7.
541 2299 584 2303 —
614 2282 742 2323 quippe
774 2283 823 2321 si,
855 2283 886 2322 7,

209 2325 263 2364 35,
292 2326 342 2357 10.
366 2343 411 2347 —
436 2335 456 2356 α
485 2325 582 2367 publ.
615 2336 656 2365 c.,
689 2335 751 2358 nur
781 2324 886 2358 durch

209 2368 282 2400 eine
308 2368 438 2409 Partei,
472 2369 563 2402 nicht
589 2368 653 2402 den
678 2369 779 2402 Senat
806 2370 886 2403 oder

208 2411 268 2445 das
296 2413 381 2446 Volk
407 2414 667 2457 herbeigel't'ihrt,
693 2424 719 2447 s.
745 2424 772 2447 c.
799 2417 830 2455 6,
855 2418 885 2448 5.

208 2475 251 2481 -
277 2468 350 2499 ope,
376 2468 402 2491 s.
428 2461 459 2499 8,
489 2461 540 2500 16,
559 2461 669 2493 4u.a.
685 2462 885 2500 -virtute,

208 2501 334 2544 tapfere
364 2502 629 2547 Unterstutzung
662 2504 720 2537 der
753 2503 885 2545 R6mer,

208 2556 235 2579 S.
253 2556 281 2579 c.
297 2548 327 2588 6,
343 2549 394 2580 17.
432 2549 612 2591 indignas,
637 2550 656 2590 ἓ
682 2552 700 2583 5
726 2549 770 2582 ist
795 2549 884 2582 viell.

962 1652 1162 1685 absichtlich
1187 1652 1219 1685 in
1244 1651 1358 1695 Bezug
1388 1653 1448 1686 auf
1477 1653 1637 1696 indigne-

961 1699 1051 1729 mim·
1074 1700 1204 1740 gesagt,
1228 1701 1323 1730 sonst
1342 1698 1474 1731 scheint
1491 1702 1639 1740 atroces,

961 1742 1013 1775 die
1028 1743 1142 1776 Lesart
1167 1742 1198 1775 d.
1219 1742 1276 1785 Sp.
1295 1743 1363 1784 Hs„
1388 1743 1641 1786 passender.—

960 1798 1122 1829 causam,
1152 1787 1206 1820 die
1236 1787 1414 1830 Fiihrung,
1449 1788 1640 1832 Darlegung

960 1832 1018 1864 der
1042 1832 1160 1865 Saclie.
1179 1851 1223 1856 —
1243 1835 1350 1875 testis,
1376 1833 1467 1866 viell.
1495 1834 1540 1866 ist
1563 1833 1639 1872 fac-

962 1881 1077 1909 torum
1104 1881 1187 1909 teste
1212 1888 1266 1909 res
1291 1888 1331 1909 zu
1356 1878 1461 1919 lesen,
1486 1877 1527 1910 da
1553 1882 1588 1910 et
1605 1879 1640 1912 in

959 1921 1024 1954 den
1050 1921 1122 1954 Hss.
1149 1921 1241 1954 fehlt.
1267 1941 1310 1945 —-
1337 1926 1451 1954 lamen
1473 1942 1501 1946 —
1519 1933 1640 1957 sumus

959 1966 1043 1998 fehlt
1056 1967 1100 1998 im
1117 1967 1188 1999 Put.
1204 1977 1275 1998 non
1289 1967 1471 1999 debuimus
1489 1968 1551 2000 wir
1564 1967 1638 2001 hat-

959 2016 1013 2043 ten
1047 2011 1078 2043 in
1114 2010 1172 2043 der
1195 2010 1469 2054 Vergangenheit
1493 2012 1586 2046 nicht
1611 2033 1640 2038 —

959 2056 1078 2096 sollen‚
1103 2055 1170 2088 und
1196 2055 1282 2088 doch
1307 2057 1350 2089 ist
1376 2067 1412 2090 es
1437 2057 1638 2100 geschehen.

1005 2103 1102 2134 5—7.
1118 2100 1175 2134 Die
1189 2100 1488 2136 Zeitverhaltnisse
1502 2103 1638 2136 miissen

958 2145 1022 2178 den
1043 2145 1143 2179 Senat
1171 2146 1378 2188 bestimmen,
1404 2147 1475 2181 sich
1500 2147 1558 2181 der
1571 2147 1637 2181 Un-

958 2190 1171 2232 gliicklichen
1208 2192 1449 2225 anzunehmen.
1483 2212 1527 2216 —
1559 2203 1636 2226 cum

957 2237 987 2267 b.
1003 2246 1090 2276 ven„
1109 2246 1136 2268 c.
1154 2238 1182 2277 1,
1196 2238 1227 2268 7.
1254 2239 1395 2279 invitus,
1411 2239 1465 2277 28,
1479 2239 1533 2278 27,
1548 2240 1579 2271 7.
1593 2257 1636 2263 —-—

958 2283 995 2312 in
1021 2281 1138 2323 discr„
1171 2281 1230 2313 aus
1252 2281 1326 2314 dem
1350 2282 1636 2326 Entscheidungs-

956 2325 1102 2368 punkte,
1128 2327 1160 2358 in
1187 2325 1346 2359 liochster
1369 2327 1565 2370 Spannung.
1593 2347 1634 2352 —

954 2373 1068 2413 princ.
1086 2375 1224 2413 tet-rma,
1251 2371 1303 2404 die
1317 2375 1427 2405 ersten
1441 2374 1553 2414 (unter
1570 2372 1635 2406 den

955 2415 1192 2457 Bewohnern),
1217 2415 1270 2450 die
1295 2416 1397 2449 Herrn
1424 2417 1483 2450 der
1494 2417 1633 2460 Lander,

955 2459 1013 2492 der
1043 2460 1145 2502 Erde,
1177 2461 1245 2503 vgl.
1278 2461 1380 2504 praef.
1408 2464 1427 2496 3
1459 2464 1635 2505 principis

956 2509 1132 2537 terrarum
1153 2506 1291 2548 populi,
1317 2517 1359 2539 zu
1372 2508 1425 2548 42,
1442 2509 1495 2548 39,
1513 2509 1549 2550 33
1575 2507 1632 2540 da-

957 2559 1066 2593 gegen
1091 2552 1146 2593 34,
1172 2552 1225 2593 58,
1251 2553 1270 2585 8
1293 2553 1455 2595 principi
1486 2553 1580 2585 orbis
1609 2555 1633 2586 t.
