1732 2840
126 450 173 486 13

198 103 279 144 158

600 104 723 138 LIBER
748 103 895 137 XXVlll.
943 103 1036 136 CAP.
1068 105 1116 137 12.
1147 104 1196 136 13.

1475 122 1500 141 a.
1522 122 1550 141 u.
1566 115 1633 141 548.

139 228 175 260 14
197 226 235 260 et
256 221 494 272 quingentos
516 219 667 271 equites
689 218 859 258 armavit.
902 217 948 257 de
971 218 1220 270 equestribus
1242 217 1366 269 copiis
1388 217 1508 256 ferme
1530 217 1635 258 inter

196 283 377 317 auctores
399 277 600 324 convenit;
624 276 798 327 peditum
822 275 1067 326 septuaginta
1087 274 1207 313 millia
1229 274 1384 326 quidam
1407 273 1569 314 adducta
1585 275 1633 314 ad

138 341 174 374 15
196 334 356 386 Silpiam
385 333 523 372 urbem
553 332 743 372 scribunt.
784 331 838 370 ibi
868 343 989 383 super
1017 344 1176 383 campos
1207 331 1375 383 patentis
1405 331 1481 370 duo
1511 330 1635 370 duces

197 391 321 430 Poeni
344 403 385 429 ea
408 396 550 436 mente,
575 401 623 428 ne
646 389 908 428 detrectarent
930 394 1139 437 certamen,
1163 388 1432 428 considerunt.

311 447 468 498 Scipio,
499 458 588 485 cum
617 446 664 485 ad
687 458 774 485 eum
799 446 896 484 sama
919 445 1013 484 tanti
1036 445 1249 497 comparati
1272 444 1465 484 exercitus
1486 445 1634 496 perlata

198 510 313 553 esset,
336 516 466 555 neque
482 503 669 542 Romanis
691 502 915 553 legionibus
937 507 1065 541 tantae
1082 515 1123 541 se
1139 502 1224 540 sore
1241 513 1372 552 parem
1391 500 1632 540 multitudini

197 567 319 610 ratus,
341 566 384 599 ut
402 573 479 600 non
500 561 538 599 in
556 559 727 611 speciem
745 558 880 598 saltem
895 565 1194 610 opponerentur
1208 557 1462 597 barbarorum
1479 557 1635 605 auxilia,

157 624 177 656 2
198 630 328 669 neque
350 618 390 657 in
413 617 460 656 iis
480 622 610 656 tamen
632 621 782 655 tantum
805 616 944 655 virium
967 615 1209 667 ponendum,
1232 621 1274 654 ut
1296 614 1480 654 mutando
1502 615 1632 663 fidem,

197 687 296 726 quae
327 674 445 713 cladis
475 686 589 712 causa
620 673 758 712 fuisset
786 672 885 724 patri
915 678 1154 724 patruoque,
1184 683 1368 722 magnum
1390 677 1633 710 momentum

157 737 176 770 3
196 732 394 780 facerent,
430 731 645 782 praemisso
681 729 813 768 Silano
850 729 894 768 ad
934 729 1117 768 Culcham
1154 728 1444 779 duodetriginta
1479 727 1634 779 oppidis

198 794 450 839 regnantem,
483 793 526 826 ut
555 786 707 838 equites
734 786 964 838 peditesque
995 786 1042 825 ab
1071 798 1137 832 eo,
1168 797 1268 836 quos
1297 797 1337 824 se
1370 797 1441 836 per
1465 785 1634 823 hiemem

158 851 178 882 4
199 845 518 896 conscripturum
540 843 739 895 pollicitus
762 849 856 888 erat,
878 843 1094 894 acciperet3
1122 842 1207 893 ipse
1228 841 1274 881 ab
1297 842 1519 880 Tarracone
1540 853 1635 892 pro-

198 902 323 941 fectus
344 901 526 952 protinus
548 901 594 939 ab
617 900 746 948 sociis,
770 900 838 951 qui
858 899 1041 939 accolunt
1063 899 1172 947 viam,
1194 898 1345 938 modica
1367 897 1635 937 contrahendo

158 964 177 996 5
198 958 338 997 auxilia
360 956 606 997 Castulonem
637 958 827 1008 pervenit.

882 969 927 996 eo
959 956 1123 995 adducta
1153 955 1200 994 ab
1227 955 1360 994 Silano
1392 954 1530 993 auxilia
1561 954 1634 993 tria

198 1015 318 1054 millia
338 1015 510 1066 peditum
535 1020 572 1053 et
593 1027 615 1052 D
638 1014 801 1064 equites.
839 1014 929 1052 inde
950 1013 996 1052 ad
1015 1012 1218 1051 Baeculam
1242 1011 1378 1050 urbem
1401 1023 1637 1062 progressus

200 1072 307 1111 omni
330 1071 503 1110 exercitu
525 1071 666 1109 civium
688 1070 899 1119 sociorum,
924 1069 1099 1121 peditum
1122 1069 1379 1120 equitumque
1402 1067 1578 1119 quinque
1599 1073 1637 1107 et

201 1151 336 1190 terior„
362 1159 389 1181 c.
417 1150 443 1181 l.
468 1167 510 1172 —
538 1148 579 1180 de
605 1159 656 1190 eq.
683 1158 769 1189 cop„
795 1146 881 1179 doch

201 1195 275 1238 gibt
288 1194 407 1237 Polyb.
434 1203 495 1225 nur
509 1195 608 1234 4000,
636 1193 778 1235 Appiani.
795 1195 882 1226 5000

200 1250 260 1279 an;
286 1239 384 1272 beide
408 1240 518 1272 70000
533 1238 632 1270 Mann
647 1238 826 1271 Fussvolk.
840 1256 883 1261 —

200 1286 371 1327 Silpiam,
413 1283 691 1316 wahrscheinlich
734 1283 883 1316 dieselbe

200 1330 316 1371 Stadt,
351 1329 480 1361 welche
506 1329 556 1361 bei
584 1328 703 1372 Polyb.
727 1328 808 1371 llipa
836 1329 883 1368 (in

200 1375 264 1410 den
274 1375 348 1408 Hss.
358 1374 618 1415 Elinga)heisst;
633 1374 766 1417 Appian
780 1377 883 1406 nennt

200 1422 359 1458 Carmom
386 1419 483 1452 beide
501 1418 618 1452 Stadte
643 1419 741 1461 lagen
765 1419 883 1451 weiter

198 1465 354 1499 westlich
379 1465 427 1498 als
445 1464 585 1497 Baecula
603 1474 630 1496 c.
647 1465 700 1505 13,
715 1467 752 1502 ὃς
778 1464 882 1506 Silpia

199 1511 353 1545 nordlich
390 1520 455 1543 von
494 1510 639 1552 Hispalis
681 1509 763 1550 (und
808 1509 882 1541 dem

199 1557 339 1596 Baetis),
358 1556 501 1589 Carmon
517 1555 655 1593 ostlich;
682 1554 801 1587 Strabo
817 1558 847 1595 3,
863 1557 881 1587 2

200 1603 245 1635 in.
272 1621 315 1625 —
341 1601 485 1641 consid„
523 1600 600 1633 Tae.
639 1601 724 1633 Ann.
762 1604 790 1640 1,
823 1602 882 1634 30:

197 1649 403 1691 praesentia
426 1648 515 1678 satis
533 1646 783 1686 conse'clerane,·
808 1646 883 1678 Rei-

201 1694 253 1736 sig
278 1692 406 1725 Vorles.
433 1691 466 1724 S.
494 1693 570 1724 258.

245 1737 304 1773 13.
340 1739 435 1770 1—2.
475 1738 568 1768 tanti
598 1746 683 1768 com.
720 1746 793 1776 ean,
831 1735 884 1768 die

199 1783 523 1825 Participialconstr.
540 1782 600 1814 mit
617 1781 725 1813 einem
740 1780 883 1813 zweiten

200 1828 361 1867 Attribut,
388 1828 453 1860 wie
479 1830 510 1868 7,
535 1829 566 1868 9,
593 1830 632 1860 5:
657 1829 817 1868 quaesita
843 1837 883 1857 ea

200 1875 352 1916 propria
378 1872 622 1910 laus—facim
649 1873 680 1912 4,
710 1873 760 1911 16,
791 1874 824 1911 l;
853 1873 883 1911 8,

206 1921 257 1959 12,
289 1920 327 1951 9:
362 1917 439 1950 dass
474 1917 524 1949 ein
560 1927 597 1949 so
631 1926 766 1959 grosses
800 1916 884 1948 Heer

201 1974 287 1997 usw.
313 1981 356 1986 —-
389 1961 484 1994 Rom.
521 1962 601 2004 leg„
634 1971 696 1993 nur
729 1961 789 1993 mit
819 1960 882 1993 den

201 2012 284 2042 rom.
309 2008 399 2051 Leg.,
429 2006 594 2040 natfirlich
621 2006 694 2039 sind
721 2006 805 2038 auch
831 2006 883 2038 die

202 2056 291 2087 socii
314 2055 467 2085 nominis
480 2052 604 2084 Latini
628 2052 689 2084 mit
713 2051 806 2083 darin
826 2051 882 2083 be-

203 2099 332 2142 griffen.
359 2118 401 2122 —
427 2102 467 2130 ut
497 2108 568 2130 non
600 2097 673 2140 gibt
705 2096 794 2129 nicht
831 2096 883 2128 die

201 2145 305 2187 Folge
330 2154 397 2176 von
423 2147 543 2176 tantae
568 2152 622 2183 an,
648 2142 711 2175 wie
729 2142 788 2175 das
805 2141 882 2184 solg.

202 2195 242 2223 uc
267 2190 320 2223 die
346 2199 411 2222 von
436 2193 583 2226 tantum,
609 2187 753 2221 sondern
780 2197 815 2220 es
840 2187 884 2219 ist

204 2246 242 2268 eo
255 2235 371 2276 modo,
397 2245 436 2266 ea
453 2235 670 2273 condicione,
684 2237 734 2274 ut,
754 2243 791 2265 so
806 2232 884 2265 dass

204 2291 239 2314 es
263 2280 334 2313 sich
360 2279 418 2312 der
436 2278 638 2321 Bedingung
662 2278 797 2315 naheth
824 2277 885 2310 mit

204 2326 262 2358 der
297 2325 465 2367 Negation
501 2323 712 2357 verbunden:
755 2326 886 2365 gesetzt

204 2371 281 2403 dass
306 2370 415 2411 nicht,
444 2380 543 2402 wenn
571 2368 663 2402 nicht
687 2378 784 2409 usw,
816 2368 882 2400 Cic.

202 2415 291 2448 Lael.
312 2418 361 2455 15,
377 2417 434 2448 52:
464 2417 541 2456 quis
567 2418 626 2455 est,
653 2415 715 2456 qui
729 2413 822 2453 velit,
846 2417 885 2444 ul

203 2471 314 2502 neque
355 2460 484 2501 diligat
525 2469 733 2502 quemquam
773 2469 885 2500 neque

203 2508 277 2547 ipse
295 2507 335 2537 ob
350 2505 422 2536 ullo
438 2505 624 2547 diligatur,
639 2505 885 2543 circumfluere

204 2552 365 2583 omnious
376 2552 497 2592 copiis.
508 2570 550 2573 —
563 2552 598 2582 in
609 2551 770 2592 speeiem,
780 2547 882 2582 durch

953 1146 1046 1179 diese
1059 1146 1174 1178 Worte
1188 1145 1270 1178 wird
1286 1145 1344 1177 der
1357 1144 1515 1178 Gedanke
1527 1148 1637 1178 etwas

952 1191 1164 1232 verdunkelt,
1190 1190 1231 1223 da
1256 1201 1367 1233 neque
1386 1194 1513 1231 tamen,
1543 1190 1635 1222 nicht

953 1238 1026 1270 eine
1046 1236 1309 1278 Beschrankung
1334 1246 1399 1268 von
1427 1237 1462 1267 in
1484 1237 1635 1277 speciem

954 1293 1124 1324 opponer.
1151 1283 1180 1315 b.
1200 1301 1226 1305 —
1253 1282 1379 1321 auaeil„
1404 1279 1548 1313 sondern
1575 1290 1639 1313 nur

952 1338 1020 1360 von
1046 1337 1214 1370 oppon-er.
1243 1327 1340 1358 barb.
1359 1337 1444 1358 aux.
1463 1326 1635 1358 euthalten

952 1373 1054 1412 kann,
1080 1382 1117 1405 so
1132 1372 1209 1405 dass
1227 1381 1303 1404 man
1323 1374 1498 1404 erwartet:
1523 1375 1637 1412 ratus,

953 1422 993 1450 ut
1017 1428 1089 1449 non
1115 1428 1243 1460 oppon.
1269 1417 1365 1450 barb.
1397 1427 1493 1457 aux„
1525 1426 1637 1458 neque

954 1482 981 1487 -—
1006 1462 1186 1504 facerent,
1219 1465 1256 1494 in
1281 1464 1429 1504 spec-lenz
1458 1461 1582 1493 sallem
1608 1480 1635 1484 —

954 1508 1114 1548 addidit,
1150 1507 1220 1549 vgl.
1255 1507 1374 1550 Polyb.
1400 1507 1420 1538 l.
1446 1507 1486 1538 l.:
1522 1502 1638 1539 οὕτως

954 1549 1050 1586 ὥστε
1075 1555 1284 1597 φαντασίαν
1314 1554 1381 1595 μὲν
1413 1550 1639 1597 παραυ-κενά·

955 1601 1030 1640 ζειν
1042 1601 1114 1632 ‘tols
1127 1594 1366 1638 ὑπεναντίοις,
1380 1596 1446 1630 τὸν
1457 1594 1478 1630 ὃ
1485 1594 1493 1607 '
1508 1594 1635 1642 ἀγῶνα

953 1643 1144 1677 ποιεῖσθαι
1169 1640 1229 1676 διὰ
1252 1643 1330 1676 τῶν
1356 1639 1461 1675 ἰδίων
1485 1653 1636 1687 στρατο-

955 1686 1090 1723 πέδων.

1001 1737 1099 1768 3—4.
1138 1734 1305 1766 Culcham
1343 1733 1461 1774 duod„
1500 1734 1558 1770 33,
1592 1733 1631 1765 21

956 1780 1098 1813 Culcam
1132 1780 1214 1812 oder
1241 1778 1394 1818 Calc-an,
1423 1788 1500 1810 eam
1528 1776 1635 1810 Caeca

955 1826 1070 1857 decem
1085 1829 1118 1857 et
1129 1828 1258 1867 septem
1273 1824 1406 1866 oppida
1417 1835 1429 1861 ;
1445 1823 1517 1856 Pol.
1532 1827 1638 1855 neunt

953 1871 1010 1903 ihn
1034 1867 1240 1910 Κολίχαντα
1266 1869 1333 1901 und
1359 1869 1416 1900 hat
1434 1867 1635 1910 (luodetrz'g.

954 1926 1033 1957 opp.
1060 1925 1160 1956 regn.
1187 1914 1289 1946 nicht.
1316 1933 1359 1937 —
1384 1913 1503 1955 oppid.
1522 1923 1636 1955 regn„

954 1961 1021 1993 Cic.
1052 1960 1144 1993 Verr.
1179 1961 1207 1999 2,
1241 1962 1295 2000 54,
1323 1960 1403 1992 136:
1441 1958 1583 2000 oppidis
1607 1977 1635 1981 -

953 2016 1138 2047 regnasse,
1171 2004 1215 2037 ist
1241 2004 1307 2036 wol
1332 2003 1447 2045 Dativ,
1480 2002 1635 2045 obgleich

953 2050 1062 2084 dieses
1088 2060 1148 2083 aus
1173 2049 1304 2082 Romae
1330 2050 1361 2090 5,
1387 2050 1440 2089 34,
1466 2050 1498 2087 13
1527 2049 1636 2080 Albae

958 2099 984 2135 l,
1010 2098 1041 2134 3,
1068 2098 1086 2129 S
1120 2106 1150 2127 u.
1178 2095 1206 2128 a.
1240 2094 1330 2127 nicht
1366 2094 1474 2127 sicher
1509 2104 1549 2126 zu
1587 2103 1637 2126 er-

953 2141 1084 2174 kennen
1111 2141 1163 2173 ist.
1188 2160 1232 2164 —
1256 2142 1441 2182 prolium,
1471 2139 1576 2172 sowie
1601 2148 1638 2172 er

955 2187 1071 2219 weiter
1088 2185 1259 2226 vorriickt,
1284 2185 1368 2217 heim
1388 2183 1634 2226 Weitergehen,

954 2236 1158 2273 unterwegs,
1184 2241 1208 2263 s.
1236 2241 1263 2263 c.
1293 2233 1345 2269 16,
1375 2232 1432 2268 10;
1459 2231 1513 2270 40,
1532 2231 1585 2269 26,
1602 2231 1638 2269 6,

954 2276 1024 2319 vgl.
1055 2278 1109 2315 26,
1138 2278 1190 2317 51,
1216 2278 1252 2309 9:
1284 2277 1451 2318 protinus
1485 2277 1528 2306 in
1554 2276 1636 2306 υἰα.

958 2342 997 2347 -
1026 2321 1216 2359 Castulon..
1243 2332 1269 2354 s.
1296 2323 1349 2360 24,
1375 2322 1429 2360 41,
1456 2323 1485 2352 7.

1001 2369 1098 2400 5-6.
1124 2367 1327 2405 Baeculam,
1352 2376 1378 2399 s.
1400 2366 1456 2405 27,
1478 2366 1528 2406 18,
1551 2367 1636 2397 1.-

953 2423 1163 2454 progressus
1188 2422 1219 2444 n.
1239 2415 1296 2444 est.
1313 2430 1352 2434 —
1367 2410 1536 2452 peditum,
1562 2408 1635 2442 Pol.

956 2469 983 2490 c.
1018 2459 1071 2499 20,
1105 2459 1144 2490 2:
1188 2457 1282 2497 ἔχων
1322 2453 1450 2496 πεζοὺς
1483 2455 1550 2497 μὲν
1586 2454 1635 2486 εἰς

953 2505 1269 2547 τετρακισμυρίους
1308 2503 1366 2534 καὶ
1407 2511 1634 2540 πεντακισχι-

955 2545 1058 2590 λίους,
1086 2547 1205 2581 ἱππεῖς
1231 2545 1270 2580 δὲ
1294 2548 1376 2591 περὶ
1403 2542 1636 2588 ’τρισχιλίουςς
