1732 2840
67 130 93 151 a.
113 123 163 151 Ch.
181 124 240 151 204.

66 226 381 280 praetermissum
414 224 476 263 sit.
517 225 576 262 vix
605 225 704 263 ratio
728 224 815 263 iniri
839 232 988 277 potest,
1020 232 1106 264 uter
1128 237 1239 264 casus
1260 225 1422 264 civitatis
1444 226 1492 265 sit
1517 233 1553 266 19

500 111 622 145 LIBER
646 111 764 145 XXlX.
813 111 904 146 CAP.
935 113 983 145 17.
1013 113 1064 145 18.
1437 109 1484 147 41

67 282 352 328 detestabilior,
375 293 462 320 cum
486 281 617 319 hostes
639 281 739 319 hello
762 281 897 320 urbem
922 294 1080 334 cepere,
1109 294 1156 320 an
1179 293 1268 321 cum
1290 282 1492 321 exitiabilis

65 345 256 390 tyrannus
276 334 311 376 v‘i
332 344 449 389 atque
470 337 586 376 armis
608 338 812 388 oppressit.
854 339 995 384 omnia,
1020 351 1116 389 quae
1138 346 1271 390 captae
1292 338 1409 377 urbes
1425 351 1489 390 pa·
1512 345 1552 376 20

67 396 237 441 tiuntur,
268 394 370 446 passi
393 406 527 433 sumus
550 401 587 432 et
608 405 696 432 cum
718 394 883 433 maxime
904 397 1085 446 patimur,
1107 402 1236 445 patres
1258 395 1491 447 conscripti;

68 451 211 499 omnia,
240 463 339 502 quae
360 450 616 489 crudelissimi
637 458 752 502 atque
774 451 1087 502 inportunissimi
1111 451 1263 502 tyranni
1288 451 1430 491 scelera
1452 452 1492 490 in

68 519 278 560 oppressos
307 507 400 546 civis
431 507 570 553 edunt,

68 565 255 615 coniuges
276 563 432 602 edidit.“

182 619 337 668 „Unum
370 625 446 665 est,
477 619 523 657 de
554 631 631 670 quo
663 619 891 658 nominatim
922 626 956 658 et
987 631 1059 658 nos
1085 620 1192 671 queri
1219 619 1354 669 religio
1376 621 1492 659 infixa
1517 622 1562 658 18

604 506 818 546 Pleminius
849 508 887 546 in
920 520 991 546 nos
1019 507 1240 559 liberosque
1273 514 1429 547 nostros
1458 514 1494 547 et

68 676 208 716 animis
224 682 349 727 cogat,
368 682 405 714 et
419 687 487 714 vos
501 675 634 714 audire
652 682 688 713 et
704 676 899 714 exsolvere
914 688 994 715 rem
1012 675 1206 728 publicam
1223 682 1387 715 vestram
1403 676 1493 715 reli-

68 733 198 784 gione,
226 733 256 772 si
278 733 329 771 ita
361 731 468 770 vobis
488 731 692 777 videbitur,
715 732 890 779 velimus,
916 740 1044 784 patres
1066 733 1291 784 conscripti.
1332 733 1496 772 vidimus
1515 739 1534 771 2

68 790 186 836 enim,
207 800 296 828 cum
317 795 461 840 quanta
484 788 716 827 caerimonia
740 801 819 827 non
842 796 989 828 vestros
1003 788 1128 827 solum
1147 789 1282 828 colatis
1301 790 1407 835 deos,
1429 790 1495 828 sed

69 846 183 884 etiarn
215 852 395 884 externos
425 844 635 896 accipiatis.
678 845 809 883 fanum
842 852 899 884 est
926 846 1028 896 apud
1051 857 1123 883 nos
1143 845 1423 897 Proserpinae,
1449 846 1496 885 de
1516 852 1535 884 3

68 903 180 941 cuius
210 903 414 941 sanctitate
444 901 577 952 templi
609 901 723 939 credo
755 901 923 952 aliquam
956 902 1093 940 famam
1118 902 1162 940 ad
1185 914 1252 940 vos
1275 903 1495 953 pervenisse

66 957 206 1010 Pyrrhi
227 958 351 1004 bello,
383 958 470 1008 qui,
500 969 587 996 cum
617 969 661 995 ex
684 957 813 996 Sicilia
835 958 990 996 rediens
1012 957 1158 996 Locros
1180 958 1300 996 classe
1323 964 1495 1010 praeter·
1518 966 1536 998 4

68 1015 284 1061 veheretur,
315 1014 416 1052 inter
444 1013 516 1053 alia
538 1013 647 1052 foeda
661 1043 669 1059 ,
704 1026 802 1064 quae
822 1021 984 1065 propter
1005 1014 1120 1052 fidem
1142 1026 1231 1064 erga
1254 1026 1321 1053 vos
1342 1015 1381 1053 in
1405 1014 1498 1053 civi-

31 1086 36 1090 ·
67 1077 187 1110 tatem
219 1077 389 1109 nostram
421 1070 590 1108 facinora
623 1069 762 1116 edidit,
793 1070 1024 1108 thensauros
1053 1082 1209 1121 quoque
1239 1070 1498 1122 Proserpinae

69 1127 238 1166 intactos
266 1127 311 1166 ad
344 1138 426 1166 eam
457 1126 557 1165 diem
587 1125 788 1177 spoliavit;
817 1132 932 1178 atque
954 1126 1018 1173 ita,
1040 1126 1205 1178 pecunia
1226 1126 1265 1164 in
1289 1139 1405 1166 naves
1426 1127 1499 1165 im-

119 1238 261 1271 19-20,
288 1236 491 1279 Steigerung
523 1235 582 1269 des
608 1235 749 1268 Vorher-

72 1282 162 1325 geh.:
196 1281 355 1314 wahrend
387 1286 482 1314 sonst
515 1281 586 1313 eins
617 1280 675 1313 der
699 1291 750 1314 er-

71 1327 229 1360 wahnten
256 1326 358 1359 Uebel
383 1336 423 1358 zu
450 1325 574 1358 dulden
607 1325 658 1357 fiir
688 1325 748 1358 das

71 1371 224 1405 Harteste
250 1371 407 1414 gehalten
433 1370 528 1410 wird,
554 1370 660 1403 leiden
689 1371 749 1403 wir

71 1416 178 1450 beide.
198 1436 241 1441 —
267 1418 359 1448 ναιιό
385 1419 447 1457 in.‚
473 1415 664 1456 berechnet,
690 1426 748 1458 ge-

73 1472 139 1496 nau
164 1461 323 1495 ermittelt
348 1461 482 1494 werden
504 1460 664 1494 kann.—
680 1471 750 1493 om-

72 1509 146 1549 nia,
171 1507 231 1540 das
254 1506 451 1550 Asyndeton
478 1505 664 1548 steigernd:
691 1506 752 1538 wir

73 1551 226 1595 dagegen
261 1562 346 1584 uSW.
372 1571 415 1575 —
442 1561 542 1582 casus
575 1553 660 1590 citu,
692 1550 750 1583 das

72 1597 249 1640 Ungliick,
285 1597 344 1629 das
376 1596 472 1628 einen
506 1596 601 1628 Staat
633 1595 750 1628 treffen

74 1642 176 1683 kann,
199 1642 269 1685 vgl.
294 1652 334 1673 zu
361 1642 416 1682 28,
440 1642 493 1681 24,
518 1643 528 1672 1
558 1643 664 1672 insita
691 1641 751 1672 lzo-

74 1690 208 1720 mz'num
236 1686 399 1726 libz'dine,·
423 1688 476 1726 44,
496 1687 526 1727 8,
546 1687 563 1718 7
591 1696 622 1718 u.
648 1695 689 1725 a.‚
716 1695 751 1718 es

75 1732 204 1765 konnte
229 1731 311 1764 auch
342 1731 400 1763 der
424 1730 523 1763 Dativ
554 1731 682 1763 stehen.
709 1749 752 1754 --

76 1788 155 1810 cum
180 1781 246 1810 etc.
270 1776 478 1809 umschreibt
502 1775 566 1807 den
591 1776 623 1808 in
652 1785 753 1807 casus

77 1824 232 1855 civitatis
255 1821 430 1864 liegenden
459 1820 592 1862 Begriff.
631 1823 752 1862 inpor-

78 1866 431 1907 tun.,riicksichtslos,
458 1865 663 1908 despotisch‚
687 1866 753 1898 wie

79 1921 114 1945 es
143 1915 170 1953 1,
197 1913 251 1952 59,
275 1910 330 1945 ss.
355 1910 558 1954 geschildert
582 1911 636 1944 ist.

123 1956 181 1993 18.
210 1958 304 1990 1-2,
330 1956 393 1989 Der
417 1957 548 1998 grosste
571 1955 685 1988 Frevel
712 1956 755 1988 ist

78 2011 120 2035 an
146 2002 220 2034 dem
239 2001 377 2044 Tempel
402 2000 460 2034 der
474 2000 669 2043 Proserpina
697 2001 755 2033 be-

79 2056 212 2090 gangen
223 2046 370 2079 worden.
380 2048 654 2085 —nominacim‚
669 2055 754 2088 ganz

78 2090 275 2131 besonders,
298 2090 546 2132 ausdrucklich,
566 2091 609 2122 im
625 2089 756 2133 Gegen-

80 2140 171 2170 satze
188 2146 229 2169 zu
244 2138 485 2168 communiter.
500 2155 541 2159 —
557 2140 673 2177 cogat,
698 2135 756 2169 der

80 2181 305 2222 Conjunctiv.,
330 2181 407 2214 weil
431 2181 464 2214 in
490 2191 599 2213 unum
624 2185 674 2212 esc
698 2180 756 2213 der

79 2225 224 2269 Begriff:
251 2235 286 2258 es
311 2225 355 2259 ist
379 2235 416 2258 so
441 2225 581 2268 wichtig
606 2225 696 2268 liegt.
712 2244 756 2249 —

80 2271 273 2313 religione,
307 2270 462 2313 religiose
488 2270 756 2313 Verpssichtung,

80 2327 107 2350 S.
132 2318 164 2357 2,
180 2317 266 2355 32,2
293 2314 388 2347 oder:
414 2314 538 2356 SUnde,
562 2315 665 2348 Fluch
691 2316 755 2348 wie

83 2363 136 2401 10,
161 2363 216 2402 40,
237 2362 295 2394 11;
320 2362 358 2392 in
381 2363 486 2392 semet
510 2379 534 2384 —
561 2362 676 2402 ipsum
700 2372 755 2392 re-

81 2407 250 2448 ligionem
267 2407 413 2447 recipie‚·
437 2404 558 2437 vorher
570 2405 615 2438 ist
628 2406 756 2447 religio

81 2451 201 2484 anders
242 2449 437 2494 gebraucht.
493 2449 540 2482 Zu
578 2451 758 2482 ent-solvere

80 2496 169 2529 kann
195 2495 289 2529 nicht
314 2494 409 2528 mehr
439 2494 481 2526 de
511 2504 579 2536 quo
613 2494 758 2538 gedacht

81 2540 230 2583 werden,
255 2540 319 2574 wie
344 2550 383 2572 zu
410 2539 547 2581 audire,
572 2549 598 2572 s.
624 2541 678 2581 27,
703 2542 757 2581 30,

823 1238 879 1274 14;
906 1236 972 1269 Cic.
1000 1236 1090 1269 Verr.
1115 1236 1152 1278 11,
1184 1239 1212 1279 1,
1234 1238 1500 1278 50,130.-υἱ-

821 1281 945 1321 dimus,
971 1291 1006 1314 es
1030 1280 1113 1313 wird
1126 1285 1392 1324 vorausgesetzt‚
1419 1281 1497 1314 dass

819 1326 871 1358 die
906 1326 1094 1359 Gesandten
1126 1326 1180 1358 die
1215 1326 1404 1359 Aufnahme
1441 1326 1500 1359 der

818 1381 937 1413 magna
951 1375 1056 1403 mater
1070 1370 1205 1403 deorum
1219 1371 1364 1414 gesehen
1380 1371 1498 1413 haben,

821 1420 996 1449 eaelernos.
1013 1427 1147 1448 —cnm
1175 1427 1204 1458 q.
1232 1427 1336 1455 caetu,
1362 1417 1426 1448 wie
1451 1416 1501 1448 oft

821 1472 899 1492 vum
926 1472 1034 1501 σαν-ιη
1060 1463 1090 1502 8,
1108 1463 1234 1503 25,12;
1263 1472 1340 1493 cum
1367 1465 1500 1503 quanto

821 1506 938 1538 studio
964 1516 996 1538 u.
1023 1508 1051 1538 a.

867 1553 965 1585 3-4.
991 1551 1127 1590 fanum,
1153 1550 1224 1583 hier
1246 1561 1414 1594 synonym
1440 1551 1501 1583 mit

823 1596 896 1629 dem
931 1596 963 1628 in
999 1596 1061 1628 den
1088 1595 1293 1628 Relativsatz
1325 1596 1500 1629 erklarend

821 1645 1038 1683 zugesetzten
1065 1641 1242 1682 templum,
1272 1651 1297 1674 s.
1328 1643 1356 1681 1,
1380 1644 1435 1679 45,
1460 1643 1499 1679 2;

821 1690 915 1719 sonst
940 1686 983 1718 ist
1009 1695 1043 1718 es
1070 1695 1131 1717 nur
1148 1685 1206 1719 der
1222 1686 1274 1717 fiir
1292 1686 1386 1718 einen
1404 1685 1500 1718 Tem-

821 1732 874 1774 pel
902 1731 1091 1763 bestimmte
1106 1729 1174 1769 Ort,
1199 1741 1224 1762 s.
1243 1733 1293 1770 10,
1309 1732 1361 1771 37,
1379 1734 1429 1764 15.
1456 1742 1500 1763 eoe

822 1776 936 1816 8ιοι”.,Ι
967 1775 1126 1808 Periocha
1159 1775 1244 1808 XlV.
1278 1795 1320 1800 —
1353 1757 1501 1818 ³propter·

822 1822 860 1861 f„
886 1822 970 1872 App.
997 1820 1136 1854 Samnit.
1170 1822 1223 1853 12:
1257 1818 1315 1853 ὅτι
1341 1819 1500 1874 φρουρὰν

825 1878 933 1899 αυτου
959 1868 1018 1897 καὶ
1041 1877 1107 1898 τον
1132 1877 1368 1921 POOUOCZOZOV
1383 1861 1500 1907 αυῖἢς,

824 1907 1043 1954 υβοίσαντας
1055 1911 1089 1944 ἐς
1103 1921 1240 1950 αυτους,
1256 1921 1501 1957 αντοηκεσαν;

825 1958 944 1989 anders
974 1956 1070 1989 Diod.
1106 1955 1170 1988 Sic.
1197 1936 1250 1991 27'
1277 1959 1308 1989 5.
1330 1944 1501 1998 Nloglich

825 2002 887 2042 ist,
920 2001 998 2034 dass
1031 2001 1101 2033 sich
1132 2000 1250 2032 darauf
1279 2001 1352 2033 eine
1382 2000 1502 2032 Miinze

825 2046 967 2086 bezieht,
993 2056 1020 2079 s.
1034 2045 1218 2078 Mommsen
1234 2045 1351 2078 Gesch.
1371 2045 1403 2078 d.
1418 2047 1500 2077 rom.

824 2090 910 2124 MW.
934 2093 1010 2124 326.
1037 2109 1076 2113 -
1104 2090 1270 2129 facinora
1297 2090 1330 2122 in
1355 2089 1418 2122 den
1437 2089 1501 2123 Ne-

824 2136 962 2168 bensatz
988 2145 1150 2178 gezogen,
1175 2145 1201 2167 s.
1227 2137 1281 2174 45,
1296 2137 1350 2174 44,
1367 2136 1404 2167 9:
1431 2145 1503 2167 om-

826 2183 924 2212 nium
958 2182 1019 2222 qui
1053 2182 1089 2211 in
1114 2179 1323 2212 Macedonia
1350 2182 1503 2221 impera-

827 2230 919 2258 tores
941 2225 1094 2269 fuerant
1117 2226 1262 2264 favore,·
1286 2223 1362 2257 Hor.
1388 2225 1447 2267 Ep.
1472 2226 1504 2265 2,

827 2273 867 2304 37
881 2284 887 2303 ε
914 2272 992 2313 quis
1005 2280 1076 2302 non
1090 2270 1279 2310 malarum,
1305 2280 1392 2311 quas
1405 2280 1505 2302 amor

828 2327 930 2348 curus
944 2316 1048 2347 habet
1061 2334 1084 2338 -
1103 2315 1341 2353 oblim'scitur;
1367 2315 1435 2356 vgl.
1450 2316 1504 2355 31,

827 2362 881 2403 22,
897 2363 933 2399 6;
960 2359 1174 2403 gewohnlich
1201 2359 1305 2392 bleibt
1318 2359 1361 2391 im
1376 2359 1502 2403 Haupt-

827 2410 919 2439 satze
949 2405 1041 2438 nicht
1074 2405 1126 2438 ein
1152 2404 1326 2445 Adjectiv,
1358 2404 1503 2437 sondern

827 2451 879 2483 ein
906 2450 1105 2490 Pronomen,
1130 2459 1157 2482 s.
1183 2451 1237 2490 40,
1262 2450 1316 2490 20,
1343 2451 1379 2488 3;
1417 2451 1445 2492 1,
1473 2452 1503 2489 1,

829 2498 865 2531 3;
892 2497 945 2535 25,
978 2498 1026 2536 17,
1052 2496 1084 2534 3,
1109 2494 1177 2537 vgl.
1203 2503 1231 2527 c.
1259 2496 1359 2535 15,6.
1384 2513 1426 2518 -
1452 2498 1503 2527 at-

828 2550 894 2583 que
918 2543 982 2582 ita,
1007 2539 1073 2572 und
1101 2549 1158 2580 sn,
1183 2539 1215 2571 in
1243 2538 1350 2573 dieser
1374 2539 1505 2572 Vetras-
