1732 2840
182 126 234 165 68
647 125 771 160 LIBER
797 126 923 159 xxvu.
973 126 1065 159 CAP.
1091 127 1145 160 25.

1464 144 1489 164 a.
1511 144 1538 164 u.
1555 137 1617 163 546.

300 241 513 281 Consulum
536 240 632 280 alter
652 239 698 279 T.
722 240 929 286 Quinctius
953 240 1156 292 Crispinus
1178 240 1223 280 ad
1246 241 1472 288 exercitum,
1499 251 1616 292 quem

187 299 230 345 Q.
254 298 412 338 Fulvius
435 297 595 336 Flaccus
625 296 832 346 habuerat,
864 309 952 337 cum
982 297 1258 349 supplemento
1288 298 1328 337 in
1353 297 1534 337 Lucanos
1561 302 1618 336 est

147 364 165 394 τ
187 355 399 408 profectus.
442 353 668 393 Marcellum
690 353 786 393 aliae
807 358 924 404 atque
945 353 1041 393 aliae
1062 353 1235 393 obiectae
1256 354 1386 393 animo
1406 352 1618 404 religiones

186 411 384 458 tenebant,
407 411 445 450 in
469 409 624 461 quibus,
649 411 765 461 quod,
789 421 878 449 cum
895 409 998 449 bello
1016 409 1161 450 Gallico
1178 410 1223 449 ad
1243 408 1467 449 Clastidium
1484 410 1618 449 aedem

188 467 338 507 Honori
361 472 398 507 et
418 466 558 506 Virtuti
579 467 766 516 vovisset,
799 466 987 506 dedicatio
1009 466 1092 506 eius
1114 479 1134 506 a
1156 466 1408 518 pontificibus
1431 466 1619 518 impedie-

147 532 166 565 8
186 525 320 572 batur,
353 523 457 575 quod
480 523 673 574 negabant
697 535 812 563 unam
835 523 971 563 cellam
993 523 1146 563 duobus
1168 529 1274 563 recte
1301 522 1491 572 dedicari,
1515 522 1620 575 quia,

188 581 221 620 si
243 581 290 621 de
313 581 418 620 caelo
440 585 539 620 taeta
560 586 627 620 aut
648 580 815 632 prodigii
838 579 984 632 aliquid
1006 579 1046 619 in
1070 593 1111 620 ea
1133 580 1279 619 factum
1302 584 1424 628 esset,
1453 579 1621 619 difficilis

146 646 165 677 9
186 637 411 690 procuratio
429 637 541 684 foret,
570 636 674 688 quod
693 636 770 675 utri
788 636 860 675 deo
886 648 948 675 res
967 636 1094 676 divina
1110 637 1232 686 fieret,
1255 636 1344 676 sciri
1364 648 1444 675 non
1462 642 1617 688 posset:

190 707 318 746 neque
350 694 453 733 enim
484 693 637 732 duobus
661 693 736 732 nisi
759 693 874 732 certis
897 692 978 733 deis
1000 693 1073 733 rite
1094 705 1172 732 una
1192 693 1319 733 hostia
1340 692 1438 732 fieri.
1482 693 1533 732 ita
1555 691 1621 732 ad-

189 751 265 790 dita
278 749 438 788 Virtutis
460 749 573 789 aedes
594 749 856 801 adproperato
879 761 1018 801 opere3
1043 762 1172 801 neque
1195 755 1323 789 tamen
1341 749 1387 789 ab
1405 749 1491 801 ipso
1508 748 1622 788 aedes

133 815 168 848 10
191 819 257 846 eae
279 806 474 845 dedicatae
496 811 600 845 sunt.
637 812 720 845 tum
743 805 901 845 demum
918 806 964 845 ad
982 806 1208 854 exercitum,
1232 818 1348 858 quem
1365 806 1498 858 priore
1515 817 1619 845 anno

190 862 382 903 Venusiae
405 862 629 913 reliquerat,
653 874 741 902 cum
764 863 1038 915 supplemento
1061 863 1334 914 proficiscitur.

237 987 357 1018 7—10.
377 984 555 1027 religion„
573 984 731 1028 religiose
744 983 872 1018 Beden-

190 1030 267 1063 ken.
308 1031 428 1070 tenea„
455 1040 482 1063 c.
509 1031 563 1071 23,
593 1031 619 1063 1.
639 1049 682 1053 —
703 1032 739 1062 in
766 1031 872 1072 quib„

192 1076 257 1109 wie
283 1077 336 1116 37,
362 1076 416 1115 23,
443 1078 480 1114 5;
510 1077 547 1107 in
573 1076 626 1107 lzis
653 1076 706 1115 22,
731 1076 787 1116 49,
818 1078 872 1112 15;

193 1123 230 1153 in
247 1131 284 1153 eo
300 1130 458 1162 numero,
485 1120 533 1153 oft
552 1122 644 1152 intel·
659 1130 755 1162 quos,
782 1130 874 1162 quae

194 1168 225 1208 6,
241 1167 344 1207 2Ο,8;
370 1165 423 1198 bei
438 1165 564 1199 Sallust
589 1164 657 1198 und
683 1164 797 1208 lifiufig
821 1165 874 1197 bei

194 1211 332 1244 Tacitus
358 1212 394 1242 in
421 1212 510 1252 quis.
554 1210 641 1243 bello
670 1210 720 1251 G.,
753 1211 786 1243 in
812 1210 876 1243 sei-

194 1266 269 1289 nem
296 1259 408 1289 ersten
432 1255 612 1288 Consulate
637 1256 701 1288 212
718 1255 819 1289 a.Ch.
845 1265 872 1288 s.

193 1301 356 1334 Periocha
382 1302 441 1339 20;
468 1299 538 1333 Val.
552 1300 641 1334 Max.
659 1303 687 1342 1,
705 1303 784 1343 1,8;
811 1310 872 1333 un-

195 1356 304 1389 genau
338 1346 403 1379 Cic.
443 1345 533 1379 Verr.
567 1348 600 1387 4,
634 1348 687 1386 55,
724 1347 798 1379 123.
829 1365 874 1369 -

126 1421 129 1422 ⁷
197 1391 353 1432 Clastz‘d.‚
379 1393 432 1430 21,
459 1392 512 1424 48.
538 1410 581 1414 -
609 1391 745 1423 Honori
769 1394 801 1423 et
819 1390 874 1433 V„

193 1437 319 1469 ebenso
352 1436 418 1469 Cic.
444 1436 463 1469 l.
491 1436 512 1468 l.
539 1437 557 1478 ξ
586 1437 645 1469 121
682 1446 714 1470 u.
742 1445 786 1474 a.;
819 1436 876 1469 da—

194 1491 302 1525 gegen
329 1482 383 1522 29,
411 1483 462 1521 11,
493 1483 548 1515 13;
576 1481 694 1513 aedem
711 1480 875 1522 Virtutis,

196 1526 352 1613 Ξῗηῦᾶῗ
357 1525 437 1614 'vgie
440 1528 632 1612 iiidP‘zuIEss
640 1528 714 1605 41ἰὲ
723 1529 736 1603 2l
750 1526 879 1604 ἰἰξφῗιῗῖ

197 1618 241 1649 tis
269 1617 433 1650 Honoris.
459 1635 503 1639 —
528 1628 549 1649 α
573 1616 716 1659 pontifi,
751 1617 880 1650 welche

195 1672 256 1694 vor
290 1661 348 1695 der
372 1661 568 1695 Dedication
597 1662 689 1695 eines
722 1661 880 1706 Tempels

195 1707 247 1740 ihr
263 1706 453 1740 Gutachten
478 1706 673 1749 abzugehen
692 1706 812 1749 haben,
837 1707 880 1740 ob

196 1752 261 1785 alle
297 1751 524 1785 Vorschriften
556 1751 614 1785 des
648 1754 702 1784 ius
737 1763 880 1785 sacrum

196 1796 400 1831 beobachtet
423 1797 526 1830 seien.
552 1815 596 1820 —
619 1796 715 1836 foret
747 1797 780 1830 in
814 1798 879 1831 sei-

198 1852 256 1875 ner
281 1842 560 1885 urspriinglichen
587 1841 789 1885 Bedeutung
822 1853 879 1885 ge-

196 1887 354 1924 braucht;
382 1886 502 1919 vorher
527 1890 615 1918 esset
638 1887 702 1919 wie
726 1889 822 1928 1‚46,
838 1890 876 1931 3;

198 1933 254 1972 34,
279 1933 309 1972 6,
339 1933 377 1965 10
404 1941 434 1963 υ.
462 1941 490 1963 a.
508 1950 552 1955 —
578 1931 725 1974 duobus,
751 1931 804 1965 die
820 1931 877 1975 Sp.

196 1975 276 2010 fids.
303 1976 395 2009 hatte
421 1976 574 2019 amplius
591 1986 696 2018 quam
711 1979 777 2009 unt
793 1978 856 2010 deo
866 1989 880 2017 ,·

197 2021 284 2055 doch
321 2021 454 2054 scheint
490 2021 625 2054 duobus
662 2021 730 2053 diis
775 2022 879 2055 sehon

198 2066 271 2099 Val.
285 2065 383 2107 Max„
409 2066 479 2109 vgl.
500 2066 588 2099 Plut.
605 2068 659 2106 28,
684 2067 821 2110 gelesen
836 2077 878 2100 zu

198 2111 307 2144 haben
332 2110 400 2144 und
427 2111 486 2145 das
504 2111 583 2155 folg.
610 2114 687 2144 utri
711 2112 824 2146 besser
838 2122 879 2145 zu

199 2156 334 2189 duobus
351 2167 391 2189 zu
406 2166 545 2200 passen;
573 2156 641 2189 diis
666 2157 709 2190 ist
725 2167 765 2190 an
785 2168 816 2190 u.
831 2157 878 2191 St.

197 2201 289 2234 viell.
313 2201 532 2244 ausgefallen.
557 2220 602 2226 —-
626 2206 730 2244 recte,
755 2203 880 2236 ebenso

200 2247 274 2281 Val.
287 2246 373 2279 Max.
387 2246 408 2279 l.
423 2247 461 2286 l.;
488 2248 663 2289 41‚16‚2:
691 2243 768 2280 non*
789 2252 881 2280 recte

199 2291 318 2330 factae
343 2291 515 2333 Latinae5
539 2294 594 2333 42,
621 2293 675 2333 32,
695 2294 732 2331 2;
759 2295 881 2334 34,44‚

203 2339 238 2374 1;
265 2336 418 2380 dagegen
445 2337 520 2380 §9:
546 2339 624 2379 rite,
650 2347 676 2370 s.
706 2339 882 2379 1‚8,1.—-

201 2392 256 2413 res
289 2382 410 2414 divina
436 2384 524 2424 fietu,
559 2382 713 2425 geopfert
745 2382 882 2416 werden

201 2428 333 2467 musse,
367 2427 431 2459 wie
464 2427 508 2460 im
535 2427 627 2471 Folg.
661 2437 733 2460 una
766 2429 881 2460 hostia

199 2471 297 2513 fieri,
330 2481 356 2504 s.
387 2474 437 2513 10,
462 2474 516 2514 42,
543 2475 578 2511 7;
613 2473 667 2513 22,
707 2475 753 2513 10,
782 2475 812 2507 3.
837 2492 881 2497 —

199 2518 272 2548 nisi
296 2518 420 2558 cet-tis,
451 2517 551 2550 Varro
578 2517 693 2551 theilte
724 2517 777 2551 die
803 2518 882 2552 Got-

201 2564 251 2594 ter
268 2561 300 2593 in
316 2564 414 2602 certi,
431 2564 569 2603 incerti,
587 2563 716 2606 selecti,
743 2573 770 2597 s.
785 2563 879 2598 Serv·

943 984 984 1017 ad
1020 984 1117 1027 Verg.
1150 985 1233 1017 Aen.
1266 986 1297 1025 2,
1328 986 1405 1018 141:
1438 982 1624 1026 pontifices

943 1030 1067 1062 dicunt
1096 1030 1250 1071 singulis
1289 1030 1425 1062 actibus
1456 1030 1625 1072 proprios

944 1075 1025 1107 deos
1055 1085 1239 1117 praeesse:
1271 1076 1332 1107 Ιιοε
1359 1074 1477 1108 Varro
1513 1077 1626 1107 certos

944 1120 1025 1152 deos
1051 1120 1231 1162 appellat;
1260 1120 1393 1152 Arnob.
1428 1119 1504 1153 adv.
1533 1122 1626 1162 gent.

944 1167 975 1205 2,
1002 1167 1060 1199 65:
1099 1165 1151 1196 dii
1183 1167 1271 1197 cet-ll
1301 1169 1414 1197 certas
1446 1164 1544 1207 apud
1567 1175 1627 1197 vos

945 1210 1075 1242 liabent
1089 1210 1227 1253 tutelas,
1240 1211 1413 1247 licentias,
1424 1213 1627 1252 potestates,

943 1266 1054 1297 neque
1087 1266 1207 1287 eorum
1234 1256 1275 1288 ab
1302 1255 1422 1297 aliquo
1448 1254 1503 1296 id,
1534 1255 1630 1297 quod

944 1303 1018 1333 eius
1034 1311 1105 1332 non
1122 1302 1168 1332 stt
1191 1304 1377 1342 potestatis
1391 1311 1434 1333 ao
1453 1300 1628 1342 licentiae,

943 1346 1153 1389 postulat1·s;
1186 1356 1227 1378 zu
1260 1345 1374 1379 diesen
1408 1346 1524 1379 hatten
1556 1345 1628 1379 also

945 1391 1064 1423 Honos
1101 1390 1170 1424 und
1208 1390 1332 1424 Virtus
1368 1390 1461 1424 nicht
1498 1390 1629 1433 gehiirt,

946 1446 1045 1469 wenn
1071 1436 1192 1469 anders
1206 1435 1240 1468 L.
1266 1438 1356 1469 certi
1370 1437 1422 1468 dii
1443 1436 1477 1469 in
1491 1435 1629 1476 diesem,

946 1481 1038 1514 nicht
1072 1481 1236 1514 vielmehr
1269 1481 1302 1514 in
1328 1480 1403 1515 dem
1428 1481 1530 1514 Sinne
1557 1491 1630 1514 ver-

950 1526 1093 1560 standen
1122 1528 1196 1559 hat:
1229 1536 1344 1560 ausser
1377 1526 1566 1569 gewissen,
1595 1526 1630 1559 in

949 1572 1013 1604 den
1047 1570 1389 1605 Pontificialbiichern
1422 1571 1470 1605 als
1502 1571 1629 1613 solche‚

949 1616 1002 1650 die
1029 1616 1339 1660 gemeinschaftlich
1366 1616 1512 1660 gesiihnt
1545 1627 1630 1650 wer·
1695 1654 1699 1656 ,

949 1661 1014 1695 den
1044 1661 1180 1701 dtirfen,
1215 1661 1451 1695 bezeichneten
1479 1661 1630 1704 Gottern,

950 1717 975 1740 s.
994 1706 1099 1749 Marq.
1113 1709 1144 1749 4,
1160 1709 1197 1745 8;
1224 1706 1348 1740 Preller
1366 1708 1408 1741 62
1423 1707 1458 1749 1.,
1482 1707 1630 1740 schwer-
1670 1717 1672 1720 ’

949 1751 1017 1785 lich
1041 1752 1104 1785 soll
1132 1754 1220 1785 cet-tt
1232 1751 1518 1786 dtz'bezeichnen:
1545 1753 1631 1786 zwei

949 1797 1075 1839 Gotter,
1090 1807 1156 1830 von
1170 1796 1278 1831 denen
1293 1807 1369 1830 man
1381 1797 1506 1840 gewiss
1517 1798 1630 1839 wisse,

948 1842 1026 1875 dass
1059 1842 1107 1876 sie
1139 1843 1191 1875 ein
1217 1842 1411 1886 Prodigium
1445 1843 1632 1876 veranlasst

948 1886 1076 1929 hatten,
1102 1898 1142 1920 zu
1169 1887 1300 1920 sfihnen
1334 1890 1456 1921 waren.
1503 1887 1538 1921 ln
1574 1888 1632 1922 der

949 1931 1035 1965 That
1061 1932 1196 1965 werden
1216 1942 1277 1964 nur
1293 1932 1424 1975 wenige
1438 1933 1523 1966 zwei
1536 1932 1631 1967 Gott-

948 1976 1061 2010 heiten
1092 1977 1261 2020 geweihte
1287 1977 1427 2020 Tempel
1460 1977 1530 2011 und
1565 1982 1633 2012 erst

949 2031 1010 2054 aus
1035 2024 1149 2064 spater
1173 2021 1245 2055 Zeit
1270 2022 1442 2066 erwahnt3
1477 2023 1536 2057 der
1564 2024 1632 2058 alte

949 2066 1089 2110 Tempel
1127 2067 1185 2100 des
1222 2067 1423 2109 Dioscuren,
1461 2069 1493 2111 2,
1519 2071 1573 2111 42,
1601 2072 1633 2112 5,

948 2111 1054 2145 heisst
1088 2111 1301 2155 gewohnlich
1330 2112 1484 2145 Castoris
1514 2115 1632 2153 aede&

949 2156 1102 2200 dagegen
1134 2157 1269 2190 werden
1302 2157 1378 2191 dem
1409 2158 1531 2192 Pallor
1564 2159 1632 2193 und

949 2202 1065 2235 Pavor
1093 2205 1120 2244 1,
1147 2204 1200 2242 27,
1224 2205 1240 2235 7
1270 2203 1360 2242 fana
1385 2203 1511 2246 gelobt,
1538 2204 1632 2238 nicht

949 2247 1015 2279 ein
1040 2248 1177 2287 fanum.
1194 2266 1237 2271 —
1256 2248 1391 2291 addita,
1417 2250 1633 2283 unmittelbar

951 2302 992 2325 an
1008 2291 1179 2331 dasselbe;
1200 2296 1307 2326 etwas
1323 2293 1442 2327 anders
1456 2294 1529 2328 Val.
1543 2295 1630 2329 Max.

950 2338 971 2370 l.
999 2338 1042 2370 l.:
1079 2349 1118 2370 ea
1143 2338 1354 2381 pontificum
1389 2340 1632 2374 admonitione

951 2383 1112 2423 effectum
1139 2387 1198 2425 est,
1224 2387 1263 2416 ut
1276 2383 1468 2417 Marcellus
1489 2396 1633 2428 separa-

952 2430 995 2460 tis
1035 2428 1180 2460 aedibus
1212 2430 1367 2462 Honoris
1405 2440 1447 2462 ae
1478 2430 1632 2463 Virtutis

950 2474 1143 2506 simulacra
1173 2478 1364 2516 statueret,
1394 2485 1421 2508 s.
1447 2474 1575 2509 Becker
1602 2478 1632 2517 1,

951 2520 1027 2552 510.
1054 2538 1096 2542 —
1124 2520 1165 2551 ab
1192 2522 1279 2562 ipso,
1305 2530 1331 2553 s.
1358 2521 1410 2561 29,
1440 2521 1491 2562 11,
1522 2522 1632 2555 13.—

951 2567 1024 2596 tum
1040 2564 1138 2607 dem,
1153 2563 1229 2598 dass
1244 2575 1278 2598 er
1291 2567 1366 2608 spat
1383 2564 1632 2608 aufgebrochen
