1732 2840
90 125 116 145 a.
136 117 186 145 Ch.
204 117 262 143 203.

559 106 682 139 LlBER
707 93 819 138 xxx.'
856 105 948 139 CAP.
978 108 1028 139 ιι.

1426 103 1504 143 113

91 232 188 259 uxor
209 232 410 272 socerque,
434 226 470 259 et
486 220 537 260 ita
558 220 648 259 viris
671 221 859 272 equisque
880 219 1111 267 abundabat,
1132 226 1175 259 ut
1195 219 1390 259 subiectae
1412 232 1506 260 ocu-

90 276 136 315 lis
166 277 276 327 regni
311 289 381 329 per
408 276 552 316 multos
580 277 756 316 florentis
785 289 910 316 annos
937 277 1038 316 vires
1059 277 1170 315 etiam
1191 276 1321 315 minus
1342 276 1505 316 barbaro

89 340 204 385 atque
233 334 425 385 inpotenti
457 334 587 372 animo
618 333 779 386 spiritus
808 339 969 385 possent
991 333 1128 372 facere.
1168 333 1289 384 igitur
1310 333 1505 382 omnibus,
1527 340 1547 372 4

90 390 155 440 qui
186 389 288 428 bello
319 390 397 442 apti
429 398 559 437 eraut,
592 391 631 429 in
661 402 784 429 unum
815 390 957 428 coactis
988 402 1108 441 equos
1129 402 1232 428 arma
1254 389 1328 429 tela
1351 390 1504 437 dividit;

90 445 240 497 equites
262 446 301 485 in
323 453 490 495 turniaS,
511 447 660 499 pedites
682 447 721 485 in
744 446 936 491 cohortis,
958 445 1058 484 sicut
1079 446 1274 497 quondam
1296 446 1342 485 ab
1364 445 1506 487 Roma-

90 502 150 541 nis
181 503 477 542 centurionibus
498 503 705 549 didicerat,
737 502 947 541 distribuit.

1007 503 1177 541 exercitu
1207 503 1308 542 haud
1339 503 1505 552 minore,
1527 509 1546 542 5

88 571 203 610 quam
225 572 341 611 quem
363 560 472 612 prius
491 560 696 607 habuerat,
718 566 889 598 ceterum
912 559 1018 597 omni
1042 571 1165 611 prope
1188 571 1286 597 novo
1308 565 1423 611 atque
1445 560 1506 599 in-

87 615 270 663 condito,
301 616 357 655 ire
387 616 432 655 ad
467 616 589 655 hostis
619 616 756 668 pergit.

814 622 851 654 et
880 615 1015 654 castris
1044 615 1083 654 in
1116 615 1340 667 propinquo
1370 617 1507 668 positis
1525 622 1546 655 6

86 672 214 723 primo
238 673 350 724 pauci
373 672 522 724 equites
544 684 589 711 ex
615 679 695 711 tuto
717 672 965 724 speculantes
986 671 1032 710 ab
1055 672 1288 711 stationibus
1309 673 1505 724 progredi,

86 728 175 767 dein
208 729 343 768 iaculis
364 729 546 768 summoti
569 741 772 768 recurrere
800 729 845 767 ad
868 740 978 776 suos;
1004 729 1094 767 inde
1116 729 1366 768 excursiones
1388 729 1428 767 in
1450 730 1505 768 vi-

86 796 170 823 cem
200 785 304 832 fieri,
336 792 372 824 et
404 797 492 824 cum
514 786 648 837 pulsos
680 785 893 835 indignatio
915 785 1167 832 accenderet,
1199 785 1330 837 plures
1351 786 1504 834 subire3

85 841 495 892 quodinritamentum
513 842 769 881 certaminum
788 842 1028 893 equestrium
1050 848 1130 887 est,
1153 854 1240 880 cum
1262 848 1327 881 aut
1346 842 1506 881 vincen-
1527 849 1544 880 7

85 897 188 936 tibus
217 911 305 950 spes
335 906 401 938 aut
431 898 554 950 pulsis
582 899 637 937 ira
670 899 853 949 adgregat
873 911 976 937 suos.
1018 898 1068 937 ita
1089 904 1171 937 tum
1192 910 1212 936 a
1234 899 1368 950 paucis
1389 911 1505 950 proe-
1526 905 1545 937 8

84 952 136 992 lio
171 967 336 994 accenso
373 967 529 994 omnem
565 956 763 1007 utrimque
797 961 997 1006 postremo
1034 955 1247 1006 equitatum
1283 955 1504 994 certaminis

86 1011 257 1050 studium
278 1011 455 1050 effundit.
497 1024 540 1050 ac
557 1012 648 1050 dum
665 1012 862 1050 sincerum
882 1017 1059 1062 equestre
1076 1010 1266 1062 proelium
1290 1017 1382 1059 erat,
1404 1011 1505 1050 mul-

51 1073 56 1076 “
83 1066 208 1106 titudo
230 1067 565 1115 Masaesuliorum,
587 1068 758 1119 ingentia
780 1068 933 1118 agmina
956 1067 1131 1119 Syphace
1154 1067 1367 1116 emittente,
1389 1068 1504 1107 susti-

85 1123 168 1162 neri
185 1123 246 1162 vix
258 1131 432 1176 poterat;
456 1125 607 1172 deinde,
630 1131 672 1163 ut
688 1124 806 1176 pedes
822 1123 1022 1162 Romanus
1038 1124 1245 1175 repentino
1268 1136 1338 1176 per
1359 1130 1505 1164 turmas
1525 1130 1544 1162 9

83 1192 173 1219 suas
201 1180 300 1219 viam
330 1181 456 1219 dantis
487 1181 706 1220 intercursu
730 1180 906 1219 stabilem
928 1181 1049 1219 aciem
1072 1180 1184 1227 fecit,
1217 1180 1504 1233 absterruitque

85 1236 205 1275 efluse
229 1236 475 1276 invehentem
492 1250 574 1276 sese
596 1238 760 1285 hostem,
782 1237 909 1288 primo
926 1236 1080 1275 barbari
1101 1237 1259 1287 segnius
1281 1238 1505 1288 permittere

84 1304 228 1343 equos,
267 1293 356 1332 dein
396 1299 495 1333 stare
530 1306 574 1333 ac
606 1306 730 1346 prope
760 1293 907 1332 turbari
938 1305 1038 1331 novo
1060 1305 1202 1343 genere
1224 1305 1401 1345 pugnae,
1431 1306 1503 1345 po-
1525 1299 1563 1332 10

83 1354 225 1388 stremo
258 1362 339 1388 non
370 1350 491 1402 pediti
521 1350 647 1389 solum
670 1350 826 1397 cedere,
856 1349 922 1389 sed
946 1362 995 1388 ne
1017 1350 1188 1400 equitem
1211 1350 1366 1401 quidem
1387 1350 1505 1389 susti-

84 1417 178 1445 nere
207 1406 348 1458 peditis
378 1407 571 1458 praesidio
602 1407 821 1446 audentem.
871 1406 946 1445 iam
978 1405 1087 1456 signa
1118 1418 1275 1458 quoque
1304 1405 1505 1457 legionum
1528 1412 1562 1443 11

82 1507 160 1547 gris
185 1507 336 1545 animis,·
362 1505 441 1538 Sall.
467 1506 489 1538 I.
517 1507 571 1546 29,
593 1507 625 1539 1:
653 1516 758 1546 aeger

88 1552 257 1590 avaritia,
284 1551 352 1593 vgl.
377 1561 403 1583 c.
431 1553 462 1592 7,
484 1553 520 1588 ὃς
547 1553 578 1591 3,
595 1553 759 1583 4.-είί-

83 1595 213 1627 mulab.
239 1599 315 1637 etc.,
350 1599 378 1636 1,
404 1597 457 1636 58,
489 1598 527 1629 12
561 1596 759 1628 conclamat

83 1642 116 1681 3,
141 1641 171 1680 7,
199 1642 214 1673 1
243 1651 273 1672 u.
293 1651 340 1679 o.;
368 1641 491 1674 ebenso
517 1640 575 1674 dei·
594 1640 707 1673 Plural
733 1651 760 1674 s.

82 1695 112 1718 c.
138 1686 192 1726 32,
218 1688 248 1718 5.
264 1705 307 1709 -
323 1688 466 1718 subiect.
495 1696 557 1727 oe„
583 1686 631 1719 als
656 1686 698 1718 ob
725 1696 758 1718 er

81 1730 217 1773 langere
230 1730 302 1763 Zeit
315 1731 483 1764 dieselben
503 1731 593 1764 nicht
612 1731 758 1773 gesehen

84 1774 190 1812 hatte;
225 1775 320 1808 oder:
351 1777 439 1817 jetzt
467 1776 688 1809 versammelt.
714 1795 758 1800 —-

82 1822 254 1861 florentia,
278 1831 304 1854 s.
321 1823 375 1861 24,
391 1823 450 1863 483
479 1821 531 1853 die
554 1820 675 1864 Kriege
700 1821 760 1854 mit

82 1865 257 1898 Masinissa
291 1866 358 1899 und
383 1866 447 1899 den
473 1866 616 1899 Romern
650 1866 757 1899 haben

82 1920 118 1943 es
143 1910 230 1943 noch
255 1911 348 1944 nicht
372 1911 588 1954 angegrifl'en,
619 1921 656 1944 so
681 1912 758 1945 dass

84 1965 118 1988 er
150 1955 185 1988 in
218 1955 409 1989 demselben
433 1956 535 1989 Jahre
566 1956 626 1990 das
660 1956 759 1990 dritte

84 1999 169 2033 Heer
181 2000 294 2034 bilden
319 2001 420 2034 kann.
444 2020 487 2026 ——
514 2004 619 2034 etiam
644 2013 688 2035 m.
717 2004 759 2043 b.,

83 2045 154 2088 vgl.
180 2047 233 2086 28,
248 2048 312 2084 5‚9
338 2047 393 2079 vel
415 2057 567 2089 segnem.
584 2066 627 2071 —
653 2058 759 2089 equos

84 2100 116 2122 a.
142 2094 175 2131 t.,
201 2091 255 2132 23,
280 2093 335 2133 24,
359 2094 378 2125 9
409 2102 510 2124 arma
534 2095 629 2124 viros
655 2103 760 2134 equos

83 2145 115 2167 u.
140 2145 169 2167 a.
195 2154 239 2159 ——-
263 2138 301 2168 in
327 2141 462 2169 turmas
487 2141 561 2178 etc„
587 2141 654 2171 erst
673 2139 759 2178 jetzt

83 2180 230 2214 erinnert
259 2181 330 2214 sich
361 2181 419 2215 der
442 2182 551 2225 Kfmig
583 2183 664 2215 oder
688 2183 757 2216 Liv.

84 2225 203 2267 daran,
240 2225 317 2259 dass
353 2227 473 2260 einmal
507 2230 590 2261 rom.
626 2227 759 2271 Kriegs-

84 2270 174 2303 leute
199 2269 259 2304 das
284 2272 492 2306 numidische
510 2272 594 2306 Heer
618 2273 650 2306 in
676 2275 757 2306 rom.

84 2315 198 2349 Weise
223 2316 386 2359 geordnet
409 2316 528 2358 haben,
554 2319 609 2358 24,
632 2320 688 2359 48,
707 2321 758 2351 11.

83 2379 127 2384 -—
152 2364 248 2394 omni
269 2372 305 2404 p.
330 2372 377 2403 n.,
411 2362 471 2395 das
496 2372 566 2395 war
590 2363 674 2396 auch
701 2363 759 2396 das

84 2405 216 2439 frfihere
242 2406 326 2440 Heer
350 2407 435 2440 nach
459 2407 494 2441 L.
520 2418 698 2450 gewesen,
732 2419 759 2442 s.

84 2460 112 2483 c.
138 2453 169 2491 7,
197 2454 248 2485 11.

130 2498 228 2530 6—8.
255 2499 292 2529 in
305 2498 481 2539 propinq„
504 2507 536 2529 n.
550 2496 608 2530 der
620 2498 757 2535 Feinde;

87 2540 171 2574 nach
195 2542 282 2585 App.
308 2552 350 2575 an
375 2542 482 2575 einem
509 2542 642 2585 Flusse‚
669 2543 756 2576 viell.

153 2601 207 2629 Tit.
230 2601 287 2629 Liv.
308 2602 352 2629 vt.
372 2604 397 2629 2.
436 2603 460 2629 3.
482 2603 554 2630 Auss.

826 1504 901 1538 dem
915 1505 1096 1548 Ampsaga.
1112 1524 1154 1529 ——
1167 1516 1212 1537 ex·
1238 1509 1326 1546 tuto,
1354 1508 1382 1547 1,
1400 1508 1503 1548 13,1;

827 1552 880 1591 22,
908 1552 959 1593 12,
981 1553 1039 1588 10;
1065 1551 1273 1593 speculam„
1298 1552 1352 1591 21,
1370 1553 1505 1591 6‚2.—

828 1596 908 1627 dein
922 1595 1041 1638 gehort
1055 1596 1141 1628 noch
1156 1606 1231 1628 zum
1245 1600 1354 1629 ersten
1369 1595 1503 1634 Gliede;

826 1643 942 1683 primo
973 1641 1158 1683 entspricht
1188 1641 1279 1673 inde.
1307 1661 1349 1665 —
1377 1652 1504 1673 excur-

827 1688 941 1717 siones
977 1696 1043 1718 von
1081 1686 1216 1718 Reitern
1256 1686 1288 1717 in
1334 1688 1506 1729 grosserer

828 1730 920 1772 Zahl,
945 1741 970 1764 s.
998 1742 1025 1764 c.
1052 1732 1083 1771 8,
1100 1733 1132 1764 4.
1158 1750 1202 1754 —
1227 1741 1305 1763 cum
1331 1751 1358 1754 —
1384 1742 1507 1764 aceen-

829 1776 946 1817 derel,
983 1776 1111 1809 damals
1142 1775 1362 1809 wiederholte
1393 1776 1504 1809 Hand-

828 1821 928 1864 lung3
956 1832 1034 1853 cum
1049 1841 1072 1844 —
1090 1821 1275 1863 adgregat.
1291 1822 1507 1864 allgemeiner

828 1866 1001 1904 Gedanke;
1027 1866 1151 1907 itidem,
1176 1866 1324 1899 dadurch
1348 1866 1434 1900 dass.
1461 1886 1506 1891 -

827 1914 1022 1950 sincerum,
1056 1911 1143 1944 ohne
1175 1911 1415 1955 Einmischung
1445 1912 1504 1945 des

827 1957 1042 1990 Fussvolkes.
1057 1961 1197 1988 —sust.
1216 1968 1245 1988 υ.
1260 1968 1308 1999 p.,
1334 1967 1360 1990 s.
1381 1959 1412 1997 3,
1427 1960 1460 2000 5,
1475 1959 1503 1991 8.

873 2004 996 2036 9—11.
1020 2002 1136 2045 pedeS,
1153 2001 1237 2034 nach
1255 2002 1328 2034 dem
1343 2002 1437 2044 Folg.
1451 2002 1504 2036 die

829 2046 974 2088 Veliten,
998 2057 1024 2079 s.
1050 2047 1070 2089 ξ
1097 2050 1146 2080 11.
1170 2066 1213 2070 -
1238 2048 1450 2089 intercursu,
1476 2057 1504 2080 s.

829 2094 860 2134 2,
887 2094 940 2129 29,
965 2094 996 2125 4.
1027 2111 1066 2115 -
1090 2102 1154 2134 per
1180 2095 1325 2132 turmas,
1351 2101 1377 2124 s.
1403 2093 1457 2134 29,
1471 2093 1502 2133 2,

829 2139 866 2175 8;
894 2139 947 2177 28,
974 2139 1026 2176 14,
1053 2139 1164 2170 13.—
1181 2136 1295 2169 stabil.
1317 2139 1426 2169 aciem
1451 2137 1502 2176 fe-

829 2185 887 2223 cit,
906 2181 966 2214 das
981 2181 1111 2214 Treffen
1126 2192 1201 2214 zum
1215 2181 1338 2214 Stehen
1357 2181 1504 2222 brachte,

828 2227 869 2260 da
895 2227 943 2260 sie
969 2227 1074 2260 selbst
1099 2226 1190 2259 nicht
1216 2226 1340 2259 wieder
1361 2226 1502 2260 zurfick-

829 2272 971 2305 wichen.
984 2291 1028 2296 —-
1041 2275 1184 2314 segnius
1208 2282 1329 2314 perm.,
1354 2272 1503 2315 weniger

828 2317 933 2359 hestig
956 2327 1197 2361 vorsprengen.
1209 2327 1375 2359 —prope
1400 2318 1502 2359 turb„

828 2362 918 2395 viell.
935 2362 1018 2405 liegt
1042 2364 1074 2395 in
1089 2362 1164 2395 dem
1179 2362 1293 2395 besser
1307 2361 1503 2405 beglaubig-

828 2411 884 2441 ten
901 2418 1053 2450 propere
1067 2409 1208 2440 turbari
1224 2417 1285 2439 nur
1296 2417 1409 2449 prope
1425 2417 1502 2447 per-

829 2453 980 2494 turbari,
1009 2452 1165 2496 obgleich
1190 2461 1267 2484 man
1293 2452 1345 2485 ein
1371 2451 1429 2485 der
1453 2452 1503 2486 Si-

828 2497 957 2530 tuation
982 2498 1075 2531 mehr
1092 2497 1373 2540 entsprechendes
1386 2497 1501 2531 Pradi-

828 2546 882 2575 cat
895 2547 1062 2576 erwartet.
1077 2562 1118 2567 —
1132 2542 1287 2583 audent„
1313 2542 1377 2585 die,
1398 2542 1501 2576 durch

1211 2600 1230 2632 8
