1732 2840
0 158 4 167 ·
63 156 88 176 a.
108 149 157 177 ch.
177 149 236 176 202.

62 252 171 292 fudit.

498 137 620 170 LIBER
647 137 744 170 XXX.
794 137 885 170 CAP.
912 140 964 172 36.
990 140 1043 172 37.

1407 135 1483 174 175

228 251 328 290 exitu
367 263 524 303 quoque
560 252 672 301 fugae
707 251 918 291 intercluso
954 257 1061 303 parte
1098 251 1204 289 omni
1240 251 1486 290 circumdatis

62 307 281 360 equitibus,
310 320 356 346 xv
377 307 495 347 millia
522 308 724 347 hominum
756 320 886 355 caesa,
916 321 941 346 Μ
973 314 1009 347 et
1031 320 1074 346 cc
1094 307 1165 346 vivi
1188 307 1289 359 capti
1309 314 1420 354 sunt,
1449 314 1486 347 et

0 375 4 384 ’
62 364 152 416 equi
175 364 366 403 Numidici
397 377 423 402 M
455 370 491 403 et
513 377 557 411 ι),
588 365 697 415 signa
730 364 906 404 militaria
936 364 1013 403 duo
1044 371 1081 403 et
1101 377 1185 402 Lxx.
1214 364 1372 414 regulus
1403 364 1487 416 ipse

0 432 3 439 ¹
61 421 163 460 inter
182 420 393 460 tumultum
417 432 503 460 cum
528 421 662 472 paucis
683 421 829 471 effugit.
869 428 950 459 tum
973 421 1017 459 ad
1040 421 1227 471 Tynetem
1250 421 1386 459 eodem
1408 433 1485 472 quo
1507 427 1526 459 9

60 483 150 516 ante
178 476 265 516 loco
299 484 421 517 castra
444 477 589 529 posita,
619 477 811 529 legatique
834 477 989 527 triginta
1013 476 1243 527 Carthagine
1265 477 1311 516 ad
1334 476 1485 528 Scipio-

0 545 2 552 ·
62 545 150 573 nem
169 540 370 575 venerunt.
411 540 448 572 et
464 533 517 571 illi
538 533 693 585 quidem
712 533 834 572 multo
852 533 1108 572 miserabilius
1126 546 1239 585 quam
1258 539 1384 580 antea,
1408 545 1484 585 quo

0 602 2 609 ·
60 590 185 641 magis
205 589 367 641 cogebat
389 590 556 636 fortuna,
578 596 756 640 egerunt,
779 590 845 628 sed
868 590 1064 641 aliquanto
1087 590 1239 629 minore
1260 601 1348 628 cum
1370 590 1484 628 mise-

0 671 2 675 ·
59 646 228 685 ricordia
258 646 304 685 ab
334 646 480 686 recenti
511 646 695 684 memoria
726 646 908 697 perfidiae
937 646 1056 685 auditi
1091 652 1195 685 sunt.

0 716 2 722 ’
61 714 294 754 quamquam
325 703 422 742 iusta
444 703 498 741 ira
520 703 647 741 omnis
667 702 712 741 ad
736 702 937 741 delendam
959 702 1181 741 stimulabat
1201 702 1485 752 Carthaginem,

0 785 1 789 ,
61 764 202 806 tamen,
220 771 308 798 cum
321 765 512 811 etquanta
527 771 590 797 res
605 765 705 798 esset
723 764 761 797 et
777 771 891 810 quam
909 758 1016 809 longi
1035 759 1221 810 temporis
1239 759 1388 797 obsidio
1408 765 1483 798 tam

59 815 233 854 munitae
250 821 288 854 et
308 822 384 854 tam
408 815 552 854 validae
572 815 680 854 urbis
702 821 942 867 reputarent,
965 821 1001 854 el
1022 815 1149 867 ipsum
1173 815 1397 867 Scipionem
1421 827 1484 854 ex-
1511 821 1542 853 11

60 871 227 924 peclatio
259 872 496 911 successoris
528 872 679 910 venturi
710 872 756 910 ad
786 879 955 923 paratam
987 871 1144 910 alterius
1166 871 1296 910 labore
1318 884 1361 910 ao
1384 871 1485 923 peri-

60 927 149 966 culo
171 928 269 967 finili
292 928 381 967 belli
404 928 542 967 famam
565 928 801 976 sollicitaret,
824 928 869 967 ad
891 940 1027 980 pacem
1051 928 1226 967 omnium
1249 928 1365 966 animi
1389 927 1485 967 versi

60 990 162 1024 Sunt.

173 1039 336 1078 Postero
368 1040 428 1079 die
448 1040 637 1079 revocatis
659 1040 793 1091 legatis
814 1047 850 1079 et
873 1052 960 1079 cum
983 1039 1102 1078 multa
1125 1040 1377 1090 castigatione
1398 1052 1485 1092 per·
1509 1041 1555 1078 37

61 1096 173 1135 fidiae
202 1096 382 1143 monitis,
406 1103 447 1135 ut
476 1103 531 1136 tot
566 1096 740 1135 cladibus
771 1097 894 1136 edocti
928 1097 1080 1135 tandem
1103 1096 1195 1135 deos
1217 1097 1334 1135 etius
1355 1096 1486 1135 iuran-

60 1152 153 1192 dum
182 1165 266 1191 esse
295 1153 517 1201 crederent,
547 1153 800 1192 condiciones
832 1153 937 1204 pacis
968 1153 1115 1199 dietae,
1142 1159 1184 1191 ut
1204 1152 1314 1191 liberi
1336 1152 1488 1203 legibus
1507 1158 1527 1190 2

61 1209 142 1248 suis
171 1209 361 1256 viverent;
396 1222 490 1261 quas
519 1209 626 1248 urbis
656 1221 834 1261 quosque
854 1220 967 1259 agros
989 1209 1210 1260 quibusque
1231 1209 1376 1248 finibus
1396 1215 1487 1248 ante

60 1264 206 1304 bellum
224 1265 455 1314 tenuissent,
477 1271 670 1313 tenerent,
692 1266 986 1318 populandique
1003 1266 1120 1303 linem
1143 1277 1188 1303 eo
1211 1265 1271 1304 die
1288 1265 1488 1304 Romanus

106 1400 228 1433 9—11.
258 1397 484 1439 Carthagine,
503 1409 529 1431 s.
548 1400 602 1438 29,
618 1400 671 1439 25,
688 1400 739 1431 12.

61 1464 105 1468 —
130 1448 162 1476 et
188 1447 210 1477 ι’,
237 1443 388 1485 quidem,
413 1445 466 1483 27,
493 1445 548 1484 34,
569 1445 654 1475 2.-
670 1454 737 1484 quo

60 1500 152 1531 mag.
178 1488 260 1521 kurz
276 1491 374 1521 statt:
401 1498 455 1520 um
482 1498 520 1521 so
538 1487 632 1521 mehr
645 1490 738 1521 nam-

61 1534 143 1575 lich,
165 1534 201 1575 Je
226 1533 334 1571 mehr;
368 1533 458 1566 viell.
493 1533 535 1566 ist
569 1536 738 1574 quoniam

62 1590 101 1612 zu
128 1579 230 1611 lesen.
255 1597 299 1601 —
325 1579 487 1619 cogebat,
518 1588 543 1612 s.
572 1581 599 1616 1,
626 1580 680 1618 28,
706 1580 737 1618 8,

65 1624 201 1656 Albana
225 1623 333 1665 pubes
358 1642 382 1646 —
410 1627 503 1655 melu
529 1627 674 1664 cogente
691 1625 737 1654 si-

62 1670 209 1701 lentium
235 1672 336 1700 tenet.
361 1686 405 1691 —
431 1668 563 1709 consil„
590 1679 615 1701 s.
641 1679 668 1700 c.
684 1670 737 1708 31,

61 1716 92 1748 9.
117 1733 160 1738 -
184 1724 343 1754 success,
377 1723 402 1746 s.
429 1723 456 1745 c.
482 1716 538 1753 40,
562 1723 600 1745 zu
626 1716 680 1754 44,
707 1714 737 1747 3.

60 1763 294 1801 -ραναίαηι,
321 1768 346 1791 s.
373 1759 426 1796 28,
452 1760 507 1800 41,
533 1760 567 1796 6;
596 1761 625 1798 5,
654 1762 682 1798 1,
711 1761 736 1791 1.

61 1823 105 1828 -
131 1804 244 1844 alter„
270 1805 324 1842 26,
350 1804 381 1844 8,
402 1805 431 1835 2.
481 1803 539 1835 Die
564 1803 656 1836 Rede
670 1803 738 1836 Sci-

61 1849 135 1892 pios
161 1849 212 1881 bei
239 1848 357 1891 Polyb.
385 1858 411 1880 c.
442 1850 478 1881 17
506 1848 547 1880 ist
574 1859 602 1880 c.
627 1850 681 1890 37,
712 1851 738 1889 1,

61 1894 115 1927 die
148 1893 207 1927 des
241 1893 426 1926 Hasdrubal
460 1893 512 1925 bei
539 1893 670 1936 Appian
704 1894 736 1926 in

61 1939 171 1971 multo
202 1938 439 1970 miserabilius
470 1948 532 1971 nur
567 1938 649 1971 kurz
685 1938 739 1971 be-

62 1984 165 2024 rfihrt,
191 1994 216 2016 s.
242 1993 269 2016 c.
298 1985 353 2023 42,
382 1983 454 2016 1211

107 2027 164 2063 37.
194 2030 290 2061 1-4.
314 2030 497 2067 revocatis,
523 2027 571 2060 sie
589 2027 663 2060 sind
682 2038 741 2060 vor

62 2073 120 2106 der
151 2072 320 2116 Berusung
356 2073 415 2106 des
446 2073 632 2105 consilium
667 2078 741 2105 ent-

61 2119 172 2152 lassen
205 2118 353 2151 worden.
380 2137 424 2142 —
454 2120 628 2160 castigat„
665 2117 737 2151 Pol.

63 2174 90 2197 c.
113 2165 164 2196 17.
189 2182 232 2186 —
259 2162 382 2204 edocti,
409 2173 435 2196 8.
461 2164 516 2203 29,
545 2165 595 2204 18,
622 2165 657 2200 6;
685 2164 739 2204 22,

66 2210 117 2248 12,
143 2210 180 2240 5;
219 2208 334 2239 edocti
366 2208 479 2240 malis.
512 2227 556 2231 —
595 2209 675 2240 deos
712 2219 737 2240 e.

64 2256 85 2286 i.
118 2265 164 2292 e.‚
203 2252 294 2285 Krast
330 2252 398 2285 und
430 2252 576 2295 Geltung
611 2253 736 2290 haben;

65 2309 136 2331 esse
159 2314 204 2326 =
227 2297 384 2329 validum
411 2309 492 2335 esse,
517 2308 543 2331 s.
562 2300 615 2340 29,
636 2300 686 2338 18,
701 2300 738 2336 6;

63 2345 96 2385 3,
111 2345 164 2381 56,
180 2345 216 2375 7:
244 2342 324 2374 deos
351 2343 490 2374 tandem
516 2353 587 2375 esse
612 2347 645 2375 et
669 2354 740 2375 non

65 2389 252 2430 neglegere
277 2388 431 2419 humana
456 2388 631 2428 fremunt5
655 2389 688 2429 8,
710 2392 740 2429 6,

66 2434 272 2467 5.—liberz·
297 2433 317 2465 l.
343 2443 383 2474 s.,
408 2431 573 2475 Carthago
599 2433 663 2466 soll
689 2433 740 2465 ein

66 2480 285 2516 souveraner,
319 2478 416 2510 freier
445 2477 586 2517 (freilich
619 2478 741 2511 bedeu-

64 2523 145 2555 tend
170 2522 273 2555 durch
299 2521 352 2555 die
379 2523 651 2565 Bestimmungen
677 2525 696 2564 ξ
721 2525 741 2556 4

65 2567 317 2608 beschranlzter)
342 2567 438 2600 Staat
461 2567 605 2609 bleiben,
634 2579 660 2601 s.
687 2570 740 2607 29,

809 1397 1071 1439 21‚73P01y.b
1086 1407 1115 1429 c.
1135 1400 1188 1430 18:
1215 1397 1321 1430 ἔθεσι
1346 1399 1405 1429 καὶ
1429 1395 1485 1430 νό-

807 1453 886 1485 μοις
908 1442 1068 1485 χρῆσθαι
1085 1445 1158 1475 τοῖς
1176 1439 1276 1475 ἰδίςοι
1279 1439 1485 1488 ,ἀφρουρή-

807 1497 888 1520 τους
905 1487 1021 1520 ὄν.τας
1058 1487 1141 1520 Dass
1166 1487 1219 1520 die
1239 1469 1360 1520 Piinier
1383 1487 1487 1520 durch

809 1533 860 1565 ein
883 1532 1060 1574 Biindniss,
1086 1534 1172 1575 App.
1191 1543 1219 1565 c.
1234 1535 1276 1566 54
1301 1528 1488 1574 Ῥωμαιων

807 1590 846 1610 τε
864 1576 955 1610 εἶναι
972 1576 1093 1629 φιλους
1105 1580 1164 1609 καὶ
1178 1574 1378 1621 συμμάχους
1395 1575 1487 1610 κατὰ

807 1623 874 1667 γῆν
899 1624 957 1654 καὶ
990 1621 1081 1655 κατὰ
1107 1620 1302 1655 θάλασσαν
1327 1627 1390 1656 etc.
1415 1622 1486 1655 sicli

808 1677 866 1699 zur
899 1667 1141 1710 Hiilssleistung
1178 1668 1220 1700 im
1256 1667 1375 1710 Kriege
1413 1677 1486 1700 v·-e1

808 1712 968 1754 pssichten
983 1715 1127 1750 miissen,
1142 1723 1169 1746 s.
1185 1715 1238 1753 36,
1252 1714 1345 1752 4,10,
1361 1712 1487 1745 berich-

809 1761 856 1790 tct
882 1757 994 1790 weder
1017 1757 1050 1789 L.
1078 1757 1163 1790 noch
1191 1757 1309 1800 Polyb.
1332 1777 1375 1781 —
1401 1768 1487 1799 quas

809 1821 834 1825 —
864 1806 1020 1834 tenerent
1045 1802 1088 1834 ist
1113 1812 1286 1844 ungenau,
1320 1802 1387 1844 vgl.
1416 1802 1486 1835 Pol.

812 1850 861 1881 15.
881 1849 930 1887 18,
950 1850 981 1880 1:
998 1845 1153 1880 πόλεις
1168 1848 1261 1888 ἐχειν
1277 1845 1488 1880 κατὰΛι-

807 1890 862 1935 βυ
875 1903 925 1933 ην
950 1892 1017 1933 (die
1043 1903 1108 1925 von
1127 1893 1191 1925 den
1205 1892 1487 1936 Libyphoniciern

812 1937 1012 1970 bewohnten
1038 1938 1166 1975 Stadte,
1191 1947 1216 1970 8.
1244 1948 1284 1970 zu
1311 1940 1364 1978 21,
1378 1939 1431 1975 22,
1450 1939 1485 1973 3:

810 1982 961 2025 dagegen
996 1984 1081 2025 App.
1117 1981 1179 2015 τὰς
1214 1980 1368 2034 φρουρὰς
1399 1977 1488 2034 ὑμᾶς

809 2040 825 2059 Ε
829 2027 998 2072 ξαγαγέῖν
1038 2028 1076 2058 ἐκ
1114 2027 1197 2079 Τῶν]
1225 2023 1367 2059 πολεων
1403 2038 1487 2059 Οσαι

809 2073 885 2105 τῶν
911 2069 1131 2104 Φοινικίὸων
1154 2069 1316 2125 τάφρων,
1343 2082 1368 2104 s.
1394 2082 1432 2103 zu
1459 2082 1487 2104 (⁸.

814 2120 863 2157 16,
882 2120 931 2151 10
959 2113 1057 2149 ἐκτός
1081 2117 1161 2158 εἰσι)
1186 2114 1225 2149 ἃς
1238 2120 1296 2148 καὶ
1309 2113 1487 2161 πρότερον

810 2161 904 2202 εἶχον
936 2157 956 2202 ἢ
987 2159 1052 2194 τὸν
1084 2159 1290 2195 ’τελευταῖον
1329 2148 1487 2213 πόλεμον

809 2207 1004 2260 ἐξενεγκεῖν
1030 2203 1223 2248 Ρωμαῖοις,
1249 2209 1307 2238 καὶ
1331 2218 1487 2250 χωραν

809 2248 852 2293 ἣν
877 2254 936 2283 καὶ
960 2249 1001 2284 τὸ
1028 2250 1185 2285 παλαιὸν
1209 2250 1304 2292 εἶχον
1330 2251 1402 2289 (das
1422 2261 1486 2283 von

810 2297 874 2329 den
901 2296 1140 2330 africanischen
1168 2296 1395 2329 Unterthanen
1433 2296 1487 2327 be-

810 2342 910 2374 baute
924 2342 1028 2384 Land;
1057 2343 1141 2385 App.
1167 2340 1234 2382 τὴν
1258 2353 1381 2394 χωραν
1398 2336 1488 2380 ὅσην

811 2385 911 2420 ἐντὸς
935 2387 1013 2419 τῶν
1021 2369 1251 2419 Φοινικίδιον
1275 2383 1427 2440 τάφρων
1443 2385 1487 2417 εἴ·

810 2443 904 2483 χετε,
931 2442 956 2464 8.
992 2442 1031 2464 zu
1065 2443 1091 2464 c.
1123 2434 1252 2471 16,10)
1283 2429 1396 2472 κτήνη
1428 2433 1488 2463 καὶ

811 2472 966 2519 σώματα
990 2479 1049 2508 καὶ
1073 2474 1184 2517 ἄλλην
1207 2472 1380 2521 ύπαρξιν;
1414 2475 1487 2509 eine

813 2522 949 2554 weitere
968 2521 1229 2564 Beschrankung
1254 2507 1313 2554 des
1331 2521 1486 2554 Gebietes

812 2566 897 2609 folgt
927 2566 948 2609 ξ
974 2568 994 2599 4
1021 2565 1229 2599 Masinissae
1263 2570 1329 2600 etc.
1353 2585 1396 2590 —-
1426 2576 1487 2608 pc-

1251 646 1288 684 in
1323 645 1486 684 consilio
1511 652 1546 684 10
