1732 2840
219 93 301 131 154

675 93 801 127 LIBER
824 92 966 126 XXVIII.
1015 93 1108 126 CAP.
1137 95 1187 126 11.

1497 110 1524 130 a.
1545 110 1574 136 u,
1593 104 1653 131 548.

218 209 459 260 benignitate
489 212 727 247 summotum
758 208 903 247 bellum
933 207 981 247 ab
1011 207 1109 247 urbe
1141 208 1316 247 Romana
1347 213 1384 246 et
1415 206 1523 247 Latio
1554 220 1654 256 esse,

219 279 334 318 posse
357 265 442 304 sine
458 271 564 304 metu
581 265 621 304 in
637 264 740 315 agris
757 264 935 313 habitari,
956 264 1117 303 minime
1137 264 1348 304 convenire
1365 263 1520 303 Siciliae
1537 276 1655 315 quam
1713 263 1715 266 ⁴

179 329 199 361 9
220 323 349 363 Italiae
371 322 559 360 colendae
580 321 765 360 maiorem
788 333 921 360 curam
943 333 1041 360 esse.
1077 321 1144 360 sed
1166 333 1229 360 res
1249 321 1550 372 haudquaquam
1572 326 1656 360 erat

221 379 368 431 populo
386 377 522 426 facilis,
539 377 672 417 liberis
689 378 906 417 cultoribus
921 377 1024 416 bello
1041 377 1258 430 absumptis
1273 385 1312 416 et
1327 377 1460 429 inopia
1476 377 1654 416 servitio·
1716 398 1718 404 ν

220 448 308 475 rum
329 442 367 474 et
387 447 531 486 pecore
553 435 705 486 direpto
724 435 901 485 villisque
918 434 1057 473 dirutis
1072 442 1139 474 aut
1154 434 1347 481 incensis;
1369 446 1508 485 magna
1524 439 1654 474 tamen

162 500 200 532 10
220 505 310 544 pars
326 491 554 531 auctoritate
571 492 780 530 consulum
797 491 998 542 compulsa
1014 492 1054 530 in
1072 503 1187 542 agros
1198 490 1431 541 remigravit.
1453 496 1656 530 moverant
1716 531 1717 534 Ἴ

218 554 346 589 autem
376 548 541 587 huiusce
570 548 625 587 rei
656 548 896 587 mentionem
918 547 1236 587 Placentinorum
1267 554 1305 587 et
1329 547 1654 587 Cremonensium

218 606 352 657 legati,
384 610 595 656 querentes
625 617 760 655 agrum
791 617 906 643 suum
933 604 980 643 ab
1001 604 1145 644 accolis
1167 604 1285 644 Gallis
1310 604 1503 643 incursari
1525 616 1570 643 ac
1589 616 1654 643 va-

218 663 330 708 stari,
361 673 620 712 magnamque
651 669 800 713 partem
829 661 1061 701 colonorum
1084 674 1246 700 suorum
1269 661 1455 712 dilapsam
1479 673 1586 709 esse,
1617 667 1655 700 et
1717 660 1719 710 ζ

218 721 292 757 iam
322 718 583 769 infrequentis
613 730 654 756 se
686 718 827 765 urbes,
859 730 995 769 agrum
1025 724 1172 757 vastum
1203 730 1248 757 ac
1277 718 1473 757 desertum
1498 717 1653 756 habere.

160 782 194 814 11
217 775 386 814 Mamilio
409 775 577 826 praetori
601 775 844 822 mandatum,
868 781 910 813 ut
931 774 1105 814 colonias
1126 775 1172 814 ab
1194 775 1306 815 hoste
1325 780 1525 822 tueretur3
1558 786 1654 813 con·
1716 782 1722 798 ’-

219 832 324 872 sules
346 844 391 871 ex
412 838 573 871 senatus
591 832 771 871 consulto
789 832 1007 880 edixerunt,
1030 831 1097 882 qui
1115 831 1217 870 cives
1234 831 1520 870 Cremonenses
1536 836 1654 882 atque
1718 847 1720 865 ÷

219 888 437 929 Placentini
468 895 619 936 essent,
651 895 740 927 ante
771 894 915 927 certam
946 888 1047 926 diem
1079 888 1119 926 in
1150 888 1324 926 colonias
1350 893 1653 927 reverterentur.
1716 890 1720 935 Q

218 945 414 996 principio
437 945 576 984 deinde
599 945 700 984 veris
723 952 760 985 et
781 944 856 996 ipsi
877 944 924 983 ad
946 944 1091 984 bellum
1112 945 1279 996 profecti
1301 950 1405 984 sunt.
1718 974 1720 985 .

333 1002 378 1048 Q.
403 1001 592 1040 Caecilius
621 1002 760 1040 consul
782 1001 995 1040 exercitum
1017 1001 1064 1040 al)
1094 1001 1133 1040 C.
1155 1001 1333 1048 Nerone,
1364 1001 1407 1039 L.
1428 1000 1612 1039 Veturius
1633 1011 1656 1039 3
1718 1003 1721 1013 ’

220 1058 265 1104 Q.
285 1058 444 1098 Claudio
467 1064 722 1110 propraetore
743 1059 896 1109 accepit
911 1058 1099 1108 novisque
1117 1058 1315 1105 militibus,
1338 1069 1438 1108 quos
1455 1057 1540 1108 ipse
1558 1069 1654 1095 con·
1719 1080 1721 1115 ζ

161 1121 197 1153 13
219 1115 440 1166 scripserat,
464 1115 673 1166 supplevit.
710 1115 749 1154 in
769 1114 1052 1154 Consentinum
1074 1127 1210 1165 agrum
1232 1114 1416 1153 consules
1438 1113 1654 1153 exercitum
1719 1119 1721 1136 ³

217 1172 434 1219 duxerunt,
465 1172 689 1223 passimque
720 1171 967 1222 depopulati,
999 1183 1088 1210 cum
1113 1183 1252 1222 agmen
1276 1171 1350 1209 iam
1373 1182 1487 1220 grave
1510 1170 1653 1220 praeda
1720 1167 1721 1179 ¹

218 1235 331 1275 esset,
353 1229 392 1267 in
416 1228 514 1266 saltu
537 1234 703 1278 angusto
727 1240 746 1266 a
761 1227 923 1267 Bruttiis
940 1227 1297 1279 iaculatoribusque
1314 1226 1492 1266 Numidis
1509 1226 1655 1266 turbati

159 1292 197 1324 14
218 1293 329 1333 sunt,
360 1285 409 1324 ita
440 1291 482 1323 ut
511 1297 591 1324 non
614 1285 756 1336 praeda
777 1290 951 1333 tantum,
983 1284 1048 1323 sed
1077 1284 1210 1323 armati
1233 1296 1392 1335 quoque
1413 1283 1454 1322 in
1476 1282 1652 1334 periculo

219 1363 322 1396 weise
344 1361 521 1394 Ackerbau
547 1361 697 1394 treibend
724 1362 901 1395 erscheint.

220 1412 255 1439 et
277 1408 395 1447 Latio,
421 1417 457 1440 es
482 1407 525 1439 ist
551 1407 645 1439 nicht
669 1407 728 1440 das
755 1407 821 1439 alte
843 1407 901 1439 La-

219 1453 313 1493 tium,
346 1451 431 1484 auch
458 1452 550 1484 nicht
573 1452 702 1484 Latium
728 1452 760 1484 111
788 1452 902 1495 politi-

217 1498 314 1531 scher
333 1497 543 1540 Bedeutung,
570 1498 623 1529 die
648 1497 729 1530 socii
756 1497 901 1530 nominis

218 1543 342 1582 Latini,
369 1542 513 1575 sondern
540 1542 599 1575 das
626 1542 708 1575 Rom
737 1542 902 1575 zun'achst

218 1588 374 1630 liegende
408 1588 574 1620 romische
606 1587 672 1620 und
707 1588 900 1630 Bundesge-

218 1633 434 1667 nossenland.
447 1651 494 1657 --
505 1637 599 1665 melu
614 1652 640 1656 -—
653 1636 797 1665 minime
819 1633 902 1666 fehlt

217 1679 250 1712 in
276 1678 335 1712 der
352 1678 494 1711 altesten
509 1678 589 1712 Hds.
603 1697 646 1702 —
664 1678 821 1720 Siciliae,
847 1680 900 1720 26,

216 1717 279 1763 4ος
307 1726 407 1765 27,5.
433 1742 477 1746 -
501 1724 645 1766 populo,
672 1723 803 1764 verber,
829 1724 901 1766 ple-

219 1771 280 1802 bis.
306 1788 350 1792 —
377 1769 496 1800 liberis
522 1769 616 1808 cult„
651 1768 703 1801 die
728 1768 900 1802 kleineren

217 1814 473 1854 Landbesitzer,
507 1814 636 1846 welche
669 1814 775 1847 selbst
805 1814 899 1846 ihren

218 1858 328 1891 Acker
363 1859 505 1897 bauten;
545 1859 693 1892 Besitzer
730 1861 901 1902 grosserer

217 1904 321 1937 Guter
354 1902 504 1936 konnten
533 1904 676 1936 Sclaven
707 1904 799 1937 nicht
829 1909 901 1936 ent-

218 1949 342 1982 behren
357 1974 364 1985 ,
394 1948 497 1981 daher
520 1951 763 1988 servitiorum,
795 1959 822 1981 s.
845 1951 899 1990 26,

218 1997 273 2035 35,
299 1996 337 2031 5;
362 1993 515 2026 Momms.
541 1993 579 2027 R.
606 1994 644 2027 G.
675 1996 702 2033 1,
726 1995 900 2036 834ς838.

265 2041 410 2072 10—11.
442 2043 644 2079 moverant,
678 2039 793 2071 hatten
827 2049 900 2071 ver-

217 2085 357 2117 anlasst.
384 2103 426 2107 —-
453 2084 608 2118 Placent.
637 2083 759 2124 Crem„
793 2094 819 2117 s.
847 2085 900 2125 21,

218 2131 271 2164 25.
297 2149 340 2153 ——
367 2130 506 2170 habere,
530 2130 579 2162 sie
603 2130 762 2162 besassen
791 2139 826 2162 es
851 2129 900 2162 als

217 2176 291 2208 eine
306 2175 426 2207 Wiiste
448 2175 536 2207 ohne
552 2175 737 2217 Bebauung
750 2174 817 2207 und
832 2184 900 2208 von

216 2220 396 2253 Mensclien
422 2220 615 2261 verlassen,
647 2230 672 2253 s.
706 2222 762 2259 21,
791 2223 842 2260 11,
868 2222 899 2262 3,

216 2265 285 2308 vgl.
313 2268 365 2306 34,
392 2266 445 2305 22,
472 2267 502 2299 3.
542 2269 642 2306 tuer„
671 2265 776 2298 durch
801 2265 899 2298 einen

215 2310 476 2344 Stellvertreter.
495 2330 537 2334 —
559 2311 694 2343 edi-ver.
720 2315 786 2343 etc.
811 2311 899 2343 ohne

216 2360 272 2395 ut,
303 2366 329 2388 s.
363 2359 394 2395 ξ),
430 2357 483 2396 20,
514 2358 569 2393 10;
609 2355 662 2388 die
698 2355 898 2388 latinischen

216 2400 396 2433 Colonieen
424 2400 498 2433 sind
524 2410 614 2433 zwar
638 2400 719 2432 freie
744 2400 898 2433 Bundes-

215 2445 426 2487 gemeinden,
452 2446 530 2478 aber
555 2445 603 2478 sie
626 2445 761 2478 konnen
780 2446 812 2478 in
830 2445 898 2478 die-

215 2501 285 2522 sem
318 2489 408 2522 Falle
439 2491 509 2523 sich
544 2490 636 2523 nicht
666 2491 771 2523 selbst
802 2490 898 2523 Hfilfe

215 2534 444 2577 verschaffen,
481 2535 628 2569 sondern
661 2538 797 2569 miissen
833 2535 898 2568 den

971 1361 1075 1394 Senat
1109 1362 1281 1403 angeheri,
1318 1371 1356 1393 so
1389 1360 1453 1392 wie
1484 1359 1569 1393 auch
1599 1360 1653 1394 die

971 1406 1164 1439 Colonisten
1190 1406 1274 1439 nach
1301 1406 1409 1439 einem
1428 1404 1564 1438 Senats-
1584 1405 1652 1438 und

972 1451 1254 1485 Volksbeschluss
1271 1451 1305 1483 in
1318 1451 1373 1484 die
1385 1450 1502 1484 Stadte
1519 1450 1654 1493 geffihrt
1720 1445 1726 1494 ξ

970 1497 1108 1531 sind.——
1120 1499 1237 1539 princ.
1250 1507 1319 1529 ver.
1334 1496 1439 1529 bildet
1451 1495 1515 1529 den
1531 1496 1653 1529 Ueber-

971 1552 1061 1585 gang
1093 1552 1166 1574 zum
1201 1541 1295 1584 Folg.
1343 1541 1451 1574 Wenn
1483 1541 1567 1574 auch
1599 1541 1653 1574 die

971 1587 1130 1628 Consuln,
1156 1587 1319 1620 nachdem
1343 1587 1391 1619 sie
1416 1596 1469 1618 am
1498 1586 1653 1619 15.Marz

972 1633 1023 1665 ihr
1056 1634 1135 1665 Amt
1167 1635 1363 1675 angelreten
1396 1631 1533 1672 hatten,
1565 1631 1652 1664 noch
1703 1644 1706 1646 ’

969 1678 1107 1721 langere
1131 1677 1203 1710 Zeit
1234 1678 1266 1709 in
1292 1677 1376 1710 Rom
1407 1676 1653 1719 zuruckgehal-

971 1728 1027 1757 ten
1043 1723 1178 1755 worden
1193 1733 1318 1762 waren,
1337 1722 1486 1755 konnten
1504 1722 1552 1755 sie
1566 1721 1653 1755 doch

971 1769 1031 1801 mit
1068 1768 1373 1810 Friihlingsansang
1408 1768 1439 1799 in
1479 1767 1538 1800 das
1571 1766 1653 1800 Feld

970 1813 1109 1854 riicken,
1134 1813 1174 1846 da
1201 1813 1254 1846 die
1268 1813 1346 1846 lden
1371 1812 1430 1845 des
1443 1812 1533 1845 Marz
1546 1812 1653 1846 sehon

970 1858 1098 1891 damals
1134 1869 1243 1901 gegen
1280 1860 1299 1891 2
1329 1857 1464 1890 Monate
1499 1868 1554 1890 zuv
1576 1857 1652 1890 sriih

969 1903 1081 1944 stelen,
1107 1914 1133 1936 s.
1160 1905 1213 1945 27,
1244 1905 1296 1943 12,
1322 1905 1361 1944 73
1388 1904 1442 1943 21,
1468 1904 1522 1943 53,
1547 1905 1579 1936 6.
1619 1906 1652 1935 et

969 1951 1040 1990 ipsi
1064 1949 1096 1980 111
1115 1948 1228 1991 Bezug
1253 1948 1312 1979 auf
1333 1947 1387 1980 die
1408 1947 1531 1980 bereits
1549 1948 1652 1991 abge-

969 2003 1146 2036 gangenen
1174 1993 1344 2025 Pratoren.

1013 2039 1070 2082 11,
1099 2037 1245 2082 12-12,
1268 2040 1316 2071 10.
1332 2038 1523 2080 Ereignisse
1540 2037 1651 2070 111113-

970 2083 1047 2116 lien.
1086 2083 1260 2116 Hannibal.
1287 2082 1357 2115 Pol.
1388 2087 1438 2119 11,
1466 2084 1522 2121 19;
1548 2086 1582 2123 9,
1597 2084 1652 2123 22,

970 2131 988 2162 ἰ’
1004 2129 1052 2166 ff.;
1068 2128 1161 2161 Diod.
1177 2127 1242 2161 Sic.
1256 2130 1310 2169 29,
1326 2130 1387 2170 22ς
1401 2127 1462 2162 Sil.
1476 2128 1513 2161 lt.
1528 2131 1578 2169 16,
1593 2127 1650 2162 lff.

1018 2175 1159 2207 12—14.
1186 2174 1227 2205 ab
1246 2173 1343 2214 Ner„
1367 2173 1567 2206 schwerlich
1591 2172 1650 2206 hat

970 2229 1005 2251 er
1029 2219 1087 2251 das
1112 2228 1218 2261 ganze
1243 2218 1335 2251 mehr
1359 2219 1409 2251 als
1425 2220 1535 2252 42000
1549 2218 1649 2251 Μ31111

968 2263 1081 2297 starke
1096 2263 1191 2305 Heer,
1213 2265 1267 2305 27,
1281 2266 1334 2304 40,
1352 2266 1403 2305 14,
1429 2263 1650 2296 3111311311.-

969 2312 1042 2352 ipse
1075 2309 1164 2342 kann
1197 2309 1268 2342 sich
1301 2319 1362 2342 nur
1394 2309 1453 2342 auf
1479 2308 1650 2341 Velut-ius

967 2354 1145 2396 beziehen,
1179 2354 1300 2387 dessen
1325 2354 1410 2386 Heer
1434 2353 1525 2386 viell.
1557 2353 1649 2387 nicht

968 2399 1151 2442 vollzahlig
1174 2409 1253 2440 war,
1278 2410 1304 2432 s.
1319 2401 1373 2437 27,
1387 2400 1441 2438 38,
1455 2401 1487 2432 8.
1501 2418 1544 2422 -
1559 2398 1648 2431 Con-

967 2449 1066 2486 sent.,
1092 2446 1191 2485 25,1.
1217 2463 1259 2468 -—
1285 2447 1354 2476 iac.
1379 2443 1496 2484 Num„
1522 2454 1548 2476 s.
1571 2453 1600 2476 c.
1616 2445 1648 2483 2,

969 2492 1000 2523 2.
1025 2509 1069 2513 -
1095 2494 1232 2522 tantum
1257 2489 1339 2522 fehlt
1363 2489 1396 2521 in
1421 2489 1479 2521 der
1503 2488 1648 2522 altesten

968 2534 1048 2568 Hds.
1076 2535 1154 2568 aber
1178 2545 1244 2568 von
1270 2545 1341 2567 nou
1365 2553 1391 2558 -
1416 2533 1477 2566 sed
1509 2544 1648 2576 quoque
