1732 2840
179 65 233 104 24
656 66 780 100 LIBER
805 66 922 100 XXIX.
971 65 1063 99 CAP.
1095 68 1144 100 11.

1462 84 1487 103 a.
1506 78 1615 112 11.,549.

183 195 277 222 nus:
310 189 437 222 tamen
462 192 654 220 memores
676 180 950 233 Aesculapium
980 193 1138 233 quoque
1170 192 1215 219 ex
1237 179 1397 220 Graecia
1418 181 1615 233 quondam
1659 199 1671 204 „

182 239 379 279 hauddum
412 237 490 277 ullo
525 237 678 276 foedere
707 236 850 276 sociata
881 237 1110 276 valetudinis
1139 236 1276 289 populi
1308 249 1422 276 causa
1454 239 1616 277 arcessi-

141 303 161 335 2
182 301 278 343 tum,
311 301 404 334 lunc
430 294 504 333 iam
535 305 623 333 cum
646 293 771 333 Attalo
793 306 885 344 rege
905 300 1068 346 propter
1089 305 1298 333 commune
1323 293 1505 333 adversus
1525 294 1617 334 Phi-

183 353 334 404 lippum
352 350 496 390 hellum
509 355 686 402 coeptam
704 349 912 389 amicitiam
924 363 1020 397 esse,
1037 351 1229 390 facturum
1242 361 1343 397 eum,
1362 362 1460 401 quae
1471 356 1616 402 posset,

142 415 161 448 3
183 407 318 460 populi
348 406 514 446 Romani
545 419 679 454 causa,
710 407 859 457 legatos
888 407 934 446 ad
966 419 1054 445 eum
1075 407 1316 453 decernunt,
1347 406 1398 445 M.
1422 406 1616 446 Valerium

183 464 419 512 Laevinum,
450 463 517 515 qui
540 463 600 502 bis
620 463 758 502 consul
788 463 914 502 fuerat
944 475 988 502 ac
1014 475 1078 502 res
1110 463 1148 502 in
1173 462 1332 502 Graecia
1362 469 1545 513 gesserat,
1567 463 1618 502 Μ.

185 520 394 560 Caecilium
417 518 614 559 Metellum
647 520 906 572 praetorium,
939 519 1020 558 Ser.
1044 519 1262 572 Sulpicium
1294 519 1455 558 Galbam
1484 519 1618 559 aedili-

184 577 302 622 cium,
325 577 423 616 duos
444 576 698 628 quaestoriOS,
721 576 790 615 Cn.
814 575 1062 615 Tremellium
1088 576 1269 615 Flaccum
1293 581 1331 614 et
1352 575 1402 614 Μ.
1427 575 1620 615 Valerium

144 640 163 673 4
182 633 399 672 Faltonem.
432 633 478 671 iis
496 633 671 685 quinque
689 645 805 672 naves
822 632 1137 685 quinqueremes,
1155 639 1197 672 ut
1214 645 1259 671 ex
1277 631 1464 682 dignitate
1480 632 1618 685 populi

185 689 351 729 Romani
380 689 532 729 adirent
553 702 616 728 eas
637 696 782 736 terras,
813 690 859 728 ad
887 702 983 741 quas
1004 689 1246 729 concilianda
1269 689 1447 728 maiestas
1469 688 1619 728 nomini

143 754 162 786 5
184 745 361 785 Romano
392 752 513 792 esset,
545 746 774 785 decernunt.
825 745 940 797 legali
961 746 1090 785 Asiam
1120 751 1297 797 petentes
1326 745 1509 797 protinus
1531 745 1619 784 Del-

185 803 285 855 phos
315 815 404 842 cum
427 802 705 851 escendissent,
727 802 929 842 oraculum
951 802 1130 842 adierunt
1151 802 1424 849 consulentes,
1445 802 1492 841 ad
1513 802 1619 854 quod
1672 847 1676 853 1

185 859 387 910 negotium
418 859 533 897 domo
563 859 671 898 missi
701 866 853 907 essent,
887 858 1113 911 perficiendi
1144 858 1227 898 eius
1258 854 1374 910 quam
1403 858 1477 897 sibi
1509 871 1620 911 spem

144 915 412 968 6populoque
449 915 624 954 Romano
665 916 929 967 portenderet.

984 927 1219 967 responsum
1261 927 1343 954 esse
1385 915 1514 954 ferunt
1550 927 1622 967 per

187 972 357 1011 Attalum
379 984 509 1022 regem
532 978 734 1024 compotes
756 973 838 1011 eius
859 972 966 1019 fore,
990 972 1093 1023 quod
1116 977 1313 1023 peteren13
1347 983 1434 1010 cum
1457 971 1620 1011 Romam

188 1028 297 1068 deam
320 1028 574 1075 devexissent,
607 1034 688 1067 tum
710 1034 904 1075 curarent,
926 1034 970 1067 ut
991 1040 1088 1075 eam,
1118 1028 1183 1079 qui
1206 1028 1262 1066 vir
1283 1027 1454 1079 optimus
1476 1027 1621 1067 Romae

146 1092 164 1124 7
188 1091 301 1132 esset,
322 1084 492 1136 hospitio
515 1085 723 1136 exciperet.
757 1085 987 1136 Pergamum
1009 1085 1056 1123 ad
1073 1097 1205 1135 regem
1223 1090 1427 1124 venerunt.
1463 1085 1496 1123 is
1516 1084 1622 1136 lega-

189 1194 396 1237 gangenheit
441 1195 640 1237 gebraucht,
687 1195 768 1229 iiber
811 1194 872 1228 das

189 1239 269 1282 solg.
297 1239 478 1272 hauddum
504 1250 530 1273 5.
546 1242 695 1281 2,52,4.
718 1260 763 1264 ——
788 1241 873 1273 Aes-

190 1286 321 1327 culap.,
346 1295 373 1317 5.
405 1287 454 1325 10,
478 1287 533 1325 47,
559 1288 594 1324 73
628 1285 788 1318 Periocha
818 1287 870 1318 11.

189 1350 232 1354 -
259 1333 344 1362 tnnc
370 1331 441 1362 iam
466 1340 494 1362 c.
525 1333 551 1372 1,
577 1333 615 1368 6;
653 1333 723 1363 iam
753 1330 874 1373 gehon

190 1385 231 1408 zu
257 1378 416 1417 coeptam
435 1386 527 1415 esse,·
554 1375 634 1408 iiber
659 1380 818 1417 coeptam
844 1385 872 1408 s.

190 1422 246 1460 24,
273 1422 325 1462 48,
356 1422 406 1453 13.
431 1439 474 1443 —
510 1422 667 1452 amicitia
702 1421 772 1454 hier
805 1431 872 1453 von

190 1465 317 1504 foedus
327 1464 597 1506 unterschieden,
609 1466 685 1498 weil
694 1466 764 1499 sich
775 1466 873 1498 beide

191 1510 309 1543 Theile
349 1520 411 1542 nur
446 1521 487 1543 zu
526 1510 875 1553 gemeinschaftlicher

191 1555 352 1598 Fiihrung
377 1555 436 1588 des
450 1554 569 1599 Kriegs
594 1556 789 1589 verbunden
815 1556 873 1589 ha-

192 1601 324 1633 ben.—
344 1600 526 1640 faclurum
553 1611 619 1634 von
646 1601 722 1634 dem
748 1601 780 1633 in
807 1611 875 1633 me-

193 1656 307 1678 mores
321 1645 500 1688 liegenden
512 1645 641 1689 Begriff
650 1646 709 1680 des
720 1645 876 1679 Denkens

195 1690 375 1734 abhangig.
399 1710 444 1714 -—
470 1692 520 1723 bis
545 1702 651 1732 cons„
684 1702 709 1725 s.
739 1693 793 1732 26,
819 1693 873 1732 22,

200 1738 237 1770 13
254 1736 378 1769 ebenso
398 1737 451 1777 30,
465 1737 518 1776 23,
534 1739 569 1775 5;
596 1736 683 1769 doch
708 1737 792 1770 lasst
805 1736 877 1770 sich

196 1791 258 1814 nur
290 1781 361 1814 ein
387 1781 548 1814 Consulat
573 1781 749 1816 desselben
776 1781 877 1814 nach·

195 1826 333 1867 weisen,
362 1827 416 1866 26,
435 1828 488 1859 22.
515 1846 558 1850 ——
587 1826 725 1868 caecil„
751 1829 803 1868 28,
827 1829 876 1860 10.

191 1871 251 1904 Die
276 1871 393 1903 Worte
417 1870 545 1903 Metell.
563 1891 589 1894 —
606 1871 738 1914 Sulpz'e.
766 1871 877 1904 fehlen

193 1916 238 1949 im
264 1915 339 1948 Put.
365 1935 407 1939 ——
435 1915 546 1958 Sulp.,
571 1918 625 1957 27,
652 1918 704 1949 21.
747 1916 877 1949 Bedeu—

193 1960 293 1994 tende
318 1960 620 1994 Gesandtschasten
648 1960 782 1994 werden
819 1971 877 2004 ge-

193 2005 366 2039 wohnlich
391 2006 424 2038 in
450 2005 508 2038 der
538 2006 609 2038 hier
635 2006 877 2049 angegebenen

193 2051 308 2084 Weise
332 2054 673 2094 zusammengesetzt,
699 2061 725 2084 s.
753 2053 806 2089 30,
822 2053 875 2092 26,

194 2099 234 2139 4;
262 2098 315 2134 35,
341 2097 398 2134 23;
434 2098 488 2137 39,
515 2098 568 2138 24,
599 2099 636 2130 13
671 2107 702 2129 u.
729 2106 770 2138 a.‚
805 2096 874 2139 vgl.

195 2143 321 2183 31,11,
343 2142 391 2181 18,
416 2140 601 2174 Mommsen
632 2143 662 2183 2,
689 2143 771 2181 662;
797 2143 875 2176 665.

196 2205 236 2210 —
265 2186 312 2219 ad
337 2197 433 2228 quaS,
461 2186 509 2219 bei
537 2186 708 2226 welchen;
743 2186 876 2219 bezieht

196 2231 267 2265 sich
293 2231 386 2264 mehr
411 2231 470 2263 auf
491 2231 544 2264 die
573 2231 714 2274 Volker,
752 2232 820 2275 vgl.
847 2243 874 2265 c.

196 2278 250 2316 22,
266 2278 303 2309 8:
333 2276 380 2308 ad
392 2276 556 2318 vulgum5
581 2278 611 2317 5,
629 2278 660 2318 6,
674 2278 704 2310 6.
742 2279 876 2315 famam

195 2341 223 2345 -
257 2321 304 2353 ad
338 2325 470 2354 ceteros
501 2322 652 2364 populos
684 2332 875 2364 quaerere,-

196 2369 227 2407 6,
254 2368 308 2406 34,
327 2370 355 2400 5.
372 2385 416 2390 —
431 2367 556 2399 concil.
584 2368 678 2406 mai„
703 2366 876 2399 Anerken-

196 2421 289 2454 nung
321 2411 379 2444 der
412 2410 532 2444 Hoheit
570 2411 745 2455 erlangen‚
783 2411 875 2444 diese

198 2455 335 2499 geltend
353 2456 504 2497 macheu,
530 2456 594 2490 wie
609 2458 778 2489 honorem
794 2467 874 2489 con·

199 2500 326 2534 ciliare
350 2501 556 2535 verbunden.

988 1196 1088 1228 5—6.
1100 1197 1277 1237 protinus,
1291 1195 1356 1228 wie
1373 1196 1426 1234 28,
1446 1197 1497 1235 13,
1511 1197 1547 1234 43
1574 1195 1624 1228 sie

944 1239 1059 1283 segeln
1086 1240 1157 1273 also
1173 1239 1276 1273 durch
1294 1239 1358 1272 den
1373 1239 1623 1274 corinthischen

942 1284 1141 1318 Meerbusen
1176 1284 1244 1317 und
1279 1285 1445 1328 ersteigen
1471 1285 1624 1328 sogleich

943 1329 1007 1362 den
1027 1329 1225 1363 Parnassus.
1259 1330 1504 1371 eseendz‘ssent,
1529 1341 1555 1363 s.
1571 1333 1624 1372 36,

944 1377 997 1416 30,
1013 1376 1048 1412 2;
1072 1375 1142 1418 vgl.
1156 1376 1212 1417 42,
1228 1377 1278 1416 15,
1293 1378 1329 1408 5:
1357 1375 1625 1408 ascendentibus
1687 1400 1689 1402 -

945 1420 991 1453 ad
1005 1420 1181 1463 templum.
1206 1431 1312 1460 com„
1328 1422 1381 1461 21,
1395 1422 1426 1462 6,
1440 1422 1517 1454 2.——
1529 1421 1627 1463 quod

944 1485 971 1489 -
998 1468 1072 1497 eius
1107 1465 1171 1498 wie
1204 1466 1252 1498 ost
1282 1465 1313 1498 in
1349 1465 1626 1509 publicistischen

943 1510 1109 1551 Formeln,
1135 1521 1160 1544 5.
1187 1512 1242 1552 36,
1266 1512 1296 1550 2,
1312 1512 1348 1550 2;
1376 1513 1497 1553 42,28,
1514 1513 1530 1543 7
1548 1522 1579 1544 u.
1594 1521 1624 1544 a.

944 1557 1022 1597 sibi,
1048 1566 1085 1588 so
1112 1558 1216 1588 nennt
1241 1556 1310 1588 sich
1325 1555 1394 1597 der,
1420 1556 1565 1590 welcher
1578 1557 1625 1590 im

945 1601 1107 1643 Austrage
1133 1600 1191 1634 des
1218 1600 1343 1634 Volkes
1378 1601 1516 1634 handelt
1539 1601 1626 1635 auch

946 1650 1042 1679 sonst
1067 1649 1189 1687 zuerst,
1214 1656 1239 1679 s.
1267 1657 1295 1679 c.
1321 1648 1422 1687 27‚2;
1452 1648 1623 1689 1,32,11;
1683 1640 1701 1683 μ’·

950 1693 978 1731 1,
1005 1693 1059 1729 38,
1085 1693 1116 1733 2,
1141 1691 1227 1724 doch
1253 1691 1346 1724 nicht
1371 1691 1497 1734 immer,
1522 1702 1549 1725 s.
1569 1694 1624 1733 29,

947 1738 1001 1777 27,
1027 1738 1064 1775 9;
1095 1739 1121 1777 1,
1138 1738 1191 1777 28,
1208 1739 1225 1770 7
1244 1747 1274 1770 u.
1291 1746 1333 1777 a„
1358 1737 1429 1779 vgl.
1455 1739 1510 1777 30,
1528 1739 1556 1779 1,
1574 1739 1625 1771 11.

948 1800 988 1805 -—
1005 1783 1060 1813 vir
1085 1785 1167 1824 opt„
1191 1782 1224 1814 in
1246 1781 1462 1815 moralischer
1474 1782 1627 1815 Hinsicht

948 1825 1014 1859 und
1026 1827 1059 1859 in
1071 1826 1185 1869 Bezug
1199 1826 1259 1859 aus
1268 1826 1626 1870 seineAbstammung,

948 1882 975 1904 s.
999 1881 1027 1904 c.
1058 1874 1108 1912 14,
1126 1873 1156 1905 8.
1172 1891 1216 1895 —
1233 1872 1361 1914 hospit.
1388 1875 1535 1914 eoeeept„
1561 1872 1626 1906 wie

950 1920 1051 1956 lecto,
1076 1917 1257 1949 moenibus
1283 1918 1456 1958 eoecipere,
1484 1917 1551 1960 vgl.
1571 1919 1625 1958 23,

948 1963 979 2000 4,
1006 1963 1043 1999 3;
1071 1961 1160 1994 Curt.
1187 1964 1217 2000 7,
1243 1962 1296 2001 27,
1319 1963 1373 1995 18:
1401 1962 1626 2004 hospitaliter

948 2009 1134 2047 eoeceptus;
1161 2006 1181 2048 ξ
1201 2007 1220 2039 8
1248 2008 1422 2049 accipere,
1446 2009 1499 2047 42,
1520 2009 1569 2049 17,
1585 2010 1625 2051 33

948 2060 983 2084 es
1013 2051 1058 2083 ist
1088 2050 1141 2084 die
1174 2051 1339 2094 gastliche
1370 2051 1558 2086 Aufnahme
1591 2053 1626 2086 in

947 2095 1010 2128 den
1036 2095 1149 2137 Staat‚
1182 2096 1275 2129 nicht
1299 2097 1332 2128 in
1358 2096 1417 2130 das
1442 2097 1532 2131 Haus
1557 2097 1627 2131 Sci-

946 2141 1032 2183 pios,
1056 2141 1124 2183 vgl.
1153 2143 1184 2182 5,
1210 2143 1264 2182 21,
1285 2143 1320 2180 3;
1348 2141 1477 2176 Diod.l.
1493 2142 1533 2176 l.:
1558 2141 1627 2185 τὴν

946 2183 986 2218 δὲ
1010 2178 1159 2228 ἐκδοχὴν
1189 2182 1313 2219 αὐτῶν
1337 2185 1473 2231 (ἱερῶν)
1508 2189 1548 2220 ἐν
1579 2187 1626 2230 τῆ

946 2226 1009 2264 ‘Pai
1012 2244 1036 2273 μ
1042 2243 1061 2276 ῃ
1069 2230 1245 2276 γενέσθαι
1254 2229 1504 2275 πανδημεὶτῆς
1510 2224 1625 2267 ἀπανι-

945 2274 1082 2318 τήσεως
1097 2279 1295 2321 γινομένης,
1319 2279 1379 2309 καὶ
1406 2277 1484 2311 τῶν
1508 2290 1548 2311 τε
1565 2274 1626 2310 ἆν-

947 2318 1047 2366 δρῶν
1072 2324 1137 2354 τὸν
1167 2321 1318 2364 ἄριστον
1349 2325 1408 2355 καὶ
1442 2322 1626 2368 γυναικῶν

944 2362 1075 2409 ὁμοίως
1100 2364 1166 2407 τὴν
1191 2364 1356 2413 ἀγαθήν,
1389 2370 1450 2400 καὶ
1479 2365 1626 2401 τούτους

944 2408 1166 2456 ἀφηγεῖσθαι
1198 2413 1258 2454 τῆς
1295 2409 1530 2454 ἀπαντήσεως
1565 2415 1626 2446 καὶ

946 2453 1122 2493 δέξασθαι
1148 2456 1191 2490 τὰ
1218 2454 1293 2501 ἱερὰ
1318 2457 1378 2498 τῆς
1405 2456 1500 2490 θἐἆς.

990 2503 1090 2535 7-8.
1117 2503 1338 2545 Pergamum,
1356 2503 1388 2535 in
1404 2502 1549 2547 Mysien,
1563 2502 1625 2536 Re-
