1732 2840
218 123 298 164 108

659 126 783 159 LIBER
809 126 907 159 XXX.
957 126 1049 159 CAP.
1074 129 1104 161 9.
1136 129 1186 160 10.

1479 147 1505 166 a.
1526 133 1554 166 1'1.
1571 139 1632 166 551.

214 248 295 281 tere
330 242 465 280 iubent
498 240 544 278 ad
574 241 870 292 opprimendam
901 241 1106 280 stationem
1137 243 1290 282 navium
1319 243 1365 281 ad
1398 242 1544 282 Uticam
1573 243 1633 282 in-

215 305 326 338 caute
356 304 554 348 agentem:
592 297 753 336 forsitan
785 298 900 336 etiam
931 297 1075 336 navalia
1106 305 1249 346 castra,
1280 299 1412 339 relicta
1443 311 1530 338 cum
1560 299 1633 339 levi

172 362 190 393 7
212 354 428 407 praesidio,
466 366 737 406 oppressuros.

792 354 831 393 in
870 355 945 393 hoc
981 354 1186 394 consilium
1221 356 1385 395 maxime
1421 356 1633 405 inclinant;

212 411 360 462 legatos
381 417 510 449 tamen
538 410 583 449 ad
614 410 870 450 Hannibalem
899 412 1111 450 mittendos
1141 419 1323 451 censent:
1355 413 1502 464 quippe
1523 412 1635 453 classi

213 476 256 506 ut
277 467 499 506 felicissime
516 473 701 517 gerantur
721 480 796 516 res,
819 475 927 520 parte
943 468 1071 520 aliqua
1087 468 1202 507 levari
1225 469 1355 508 Uticae
1377 470 1634 517 obsidionem,

172 531 190 563 8
212 523 482 575 Carthaginem
504 524 627 576 ipsam
649 524 715 576 qui
738 530 911 572 tueatur,
934 537 1061 577 neque
1082 525 1357 577 imperatorem
1378 526 1495 565 alium
1519 539 1634 578 quam

211 580 468 620 Hannibalem
500 593 627 632 neque
650 582 860 621 exercitum
883 581 1000 620 alium
1024 589 1137 634 'quam
1159 582 1388 622 Hannibalis
1417 595 1634 634 superesse.

170 644 190 676 9
210 638 397 676 deductae
419 649 510 688 ergo
533 642 690 689 postero
712 638 772 677 die
804 651 940 685 naveS,
969 638 1084 677 simul
1107 645 1143 678 et
1171 639 1288 690 legati
1311 640 1351 678 in
1372 639 1521 678 Italiam
1543 652 1636 691 pro-

212 695 322 742 fecti;
353 694 572 746 raptimque
595 695 722 733 omnia
745 695 967 734 stimulante
989 696 1143 734 fortuna
1165 695 1405 746 agebantur,
1435 702 1473 735 et
1494 697 1533 736 in
1556 708 1634 748 quo

212 751 376 803 quisque
399 758 598 799 cessasset,
619 751 730 803 prodi
751 752 798 791 ab
821 765 861 791 se
883 752 1046 791 salutem
1067 752 1241 791 omnium
1264 752 1432 792 rebatur.

150 814 187 846 10

323 807 454 860 Scipio
477 819 630 858 gravem
659 808 733 847 iam
756 808 893 860 spoliis
914 809 1123 848 multarum
1146 809 1302 848 urbium
1325 810 1535 849 exercitum
1558 815 1637 848 tra·

210 865 330 912 bens,
360 865 520 916 captivis
547 864 698 917 aliaque
726 866 867 917 praeda
899 865 940 904 in
961 872 1089 905 vetera
1112 873 1235 905 castra
1256 866 1301 904 ad
1322 866 1472 905 Uticam
1494 866 1635 913 missis,

210 921 283 960 iam
328 922 368 960 in
392 921 663 972 Carthaginem
698 921 873 961 intentus
903 929 1069 974 occupat
1103 922 1282 961 relictum
1313 923 1401 974 fuga
1431 923 1636 962 custodum

148 983 185 1017 11
208 977 368 1029 Tyneta.
409 977 515 1016 abest
544 990 564 1016 a
593 978 825 1030 Carthagine
847 979 1067 1031 quindecim
1090 979 1208 1018 millia
1231 979 1351 1018 ferme
1372 991 1559 1031 passuum
1579 978 1638 1017 lo-

148 1040 188 1073 12
209 1047 278 1073 cus
299 1047 388 1073 cum
419 1034 604 1086 operibus
626 1041 705 1074 tum
728 1042 864 1087 suapte
886 1041 1021 1075 natura
1041 1042 1169 1082 tutus,
1199 1042 1237 1074 et
1267 1036 1333 1088 qui
1355 1042 1393 1074 et
1412 1036 1458 1075 ab
1480 1036 1638 1076 Cartha-

211 1091 301 1142 gine
323 1091 498 1143 conspici
521 1098 558 1130 et
573 1092 759 1143 praebere
781 1093 864 1144 ipse
882 1099 1131 1145 prospectum
1156 1105 1244 1132 cum
1266 1093 1312 1131 ad
1328 1092 1466 1132 urbem
1487 1099 1568 1132 tum
1591 1093 1638 1134 ad

211 1147 488 1186 circumfusum
510 1159 616 1187 mare
638 1148 725 1187 urbi
747 1149 881 1200 possit.

141 1206 185 1241 10

324 1204 440 1252 Inde,
486 1216 574 1243 cum
610 1205 774 1243 maxime
809 1204 950 1244 vallum
986 1205 1148 1244 Romani
1188 1206 1380 1253 iacerent,
1427 1212 1637 1258 conspecta

169 1267 188 1298 2
210 1260 342 1299 classis
371 1261 542 1299 hostium
574 1270 631 1300 est
660 1261 808 1300 Uticam
841 1274 860 1299 a
892 1261 1122 1312 Carthagine
1153 1268 1304 1313 petens.
1346 1262 1465 1313 igitur
1493 1262 1637 1302 omisso

211 1329 328 1368 opere
364 1317 662 1369 pronuntiatum
697 1318 790 1365 iter,
826 1318 1015 1369 signaque
1050 1318 1191 1370 raptim
1229 1318 1319 1357 ferri
1357 1324 1450 1357 sunt
1486 1325 1637 1370 coepta,

210 1385 260 1412 ne
303 1386 419 1412 naves
463 1373 500 1412 in
536 1379 678 1413 terram
701 1382 739 1413 et
760 1375 1002 1414 obsidionem
1046 1387 1178 1414 versae
1224 1387 1268 1413 ac
1311 1374 1472 1413 minime
1515 1375 1638 1414 navali

210 1461 277 1494 ρος.
303 1470 345 1474 -
373 1451 420 1482 ad
445 1454 594 1493 opprim.
620 1456 674 1492 st„
708 1462 733 1485 s.
769 1462 809 1484 zu
835 1454 889 1492 25,

213 1499 266 1536 16,
291 1498 515 1537 9.-εἰαίιό,
540 1496 592 1529 die
618 1507 679 1528 vor
703 1497 797 1530 Utica
823 1500 890 1530 ste—

208 1540 318 1574 hende
343 1541 464 1582 Flotte,
488 1543 575 1585 App.
596 1552 622 1575 c.
642 1543 684 1575 24
701 1539 889 1575 ναίσταθ-

208 1597 290 1628 μον.
321 1606 365 1610 ——
396 1587 541 1618 navalia
581 1591 717 1629 castra,
749 1587 802 1620 die
835 1589 888 1626 29,

210 1632 543 1673 35‚13erwahnten
567 1632 708 1685 s.Zon7.:
735 1632 823 1677 πρὸς
847 1631 888 1665 τὸ

210 1676 322 1728 ἔρυμα
346 1677 424 1709 τῶτ
448 1672 635 1720 Ρωμαίων
661 1675 690 1720 ᾧ
715 1664 888 1720 χειμαὸιω

210 1734 381 1765 εχρωντο.

257 1770 321 1800 7—
325 1769 356 1800 9.
385 1767 504 1809 classi,
539 1778 565 1800 s.
591 1770 702 1809 28,71,
731 1770 758 1807 1,
791 1768 890 1800 nach-

211 1811 383 1845 drficklich
410 1823 470 1845 vor
488 1817 536 1849 ut
563 1817 694 1856 gesetzt
720 1813 809 1854 dass,
837 1815 890 1853 28,

214 1859 264 1897 12,
297 1860 333 1900 73
368 1859 421 1898 22,
447 1860 499 1899 25,
521 1860 552 1899 2,
577 1859 724 1900 gestellt.
756 1878 799 1882 —
835 1858 890 1889 de—

211 1902 360 1942 ductae;
377 1902 449 1934 Pol.
465 1914 492 1936 c.
513 1906 563 1940 10,
581 1906 615 1936 1:
635 1902 671 1935 οἱ
681 1903 810 1956 μένεις
823 1901 891 1944 τὴν

206 1929 363 1980 Ἰταλιαν
387 1945 574 1990 μέλλοντες
592 1946 696 1980 πλεῖν
721 1944 891 1980 ευθέως

210 1995 256 2024 ἐκ
280 1992 357 2024 τοῦ
383 1991 714 2045 βουλευτηρίου
732 1993 891 2038 719051702

210 2038 270 2071 ἐπὶ
296 2034 500 2078 θάλατταν,
526 2051 544 2070 ο
570 2035 609 2070 δὲ
632 2049 807 2082 ναυαρχος
830 2050 890 2071 επι

209 2081 277 2115 τὰς
308 2082 402 2115 ναῦς
428 2102 472 2107 —
504 2094 542 2114 m
574 2094 641 2125 quo
680 2104 702 2107 -
735 2085 891 2118 ruebatur

210 2127 323 2160 Duker
346 2128 534 2171 vergleicht
558 2128 711 2172 Thucyd.
738 2131 770 2169 2,
789 2131 825 2162 8:
853 2129 891 2160 ἐν

209 2170 328 2214 τούτῳ
353 2185 392 2205 τε
417 2171 649 2206 κεκωλὶσθαι
675 2170 789 2206 ἐδόκει
815 2170 891 2205 εκά-

211 2230 286 2259 στω
312 2230 357 2250 ’ἴα
382 2215 597 2264 πράγματα,
628 2216 652 2251 ίῖ
682 2215 731 2261 μή
756 2229 809 2251 Τις
833 2215 892 2251 αὖ·

209 2273 268 2296 709
293 2274 482 2308 ffaoso'vac.

259 2310 567 2348 10—12.vete⁷a‚
599 2309 652 2341 die
677 2313 783 2341 castra
811 2309 891 2342 Cor-

210 2353 342 2386 neliana
368 2355 422 2395 29,
448 2356 501 2388 35.
526 2373 570 2377 —-
599 2353 734 2397 Tyneta
768 2355 831 2386 wie
861 2366 889 2386 c.

214 2402 266 2439 16,
293 2401 330 2437 1;
364 2399 434 2441 vgl.
469 2409 498 2433 c.
528 2402 579 2439 10,
604 2400 640 2437 9;
671 2398 824 2441 dagegen
861 2410 887 2432 c.

212 2445 265 2484 36,
291 2445 310 2476 9
341 2442 527 2485 metem,
559 2443 690 2484 Tunes,
717 2445 746 2485 j.
771 2444 889 2485 Tunis,

212 2487 429 2522 ssidwestlich
463 2500 529 2522 von
556 2489 722 2531 Carthago
756 2499 796 2522 an
831 2490 890 2523 der

211 2532 393 2566 Westseite
401 2534 460 2567 des
472 2545 533 2567 nur
541 2534 644 2567 durch
660 2535 889 2567 eineschmale

210 2576 386 2620 Miindung
399 2579 459 2611 mit
472 2579 545 2613 dem
559 2579 668 2614 Meere
681 2589 888 2613 zusammen-

960 1451 1158 1494 hangenden
1193 1451 1285 1484 Golfs
1322 1462 1389 1484 von
1422 1451 1545 1494 Tunis,
1583 1452 1642 1485 auf

961 1497 1067 1529 einem
1102 1496 1262 1529 erhohten
1291 1496 1429 1537 Felsen,
1460 1507 1526 1530 von
1560 1497 1636 1530 dem

960 1552 1020 1574 aus
1055 1541 1112 1574 der
1137 1541 1240 1574 Hafen
1272 1541 1474 1585 Carthagos,
1506 1552 1547 1575 an
1582 1542 1640 1576 der

960 1586 1116 1620 Siidseite
1130 1587 1239 1619 dieser
1256 1586 1363 1626 Stadt,
1385 1587 1531 1630 gesehen
1556 1598 1641 1620 wer-

960 1632 1022 1664 den
1050 1631 1432 1675 konnte.--p7·ospect.
1448 1652 1475 1656 -
1491 1635 1640 1665 circum·
1675 1639 1680 1643 ’

958 1678 1041 1718 fus„
1067 1677 1124 1710 der
1147 1677 1221 1710 Put.
1248 1677 1305 1709 hat
1330 1688 1392 1710 nur
1416 1682 1640 1720 conspectum

961 1722 1170 1762 cumfusum,
1196 1722 1307 1756 indem
1333 1733 1399 1755 von
1419 1733 1496 1755 cum
1514 1733 1576 1756 vor
1593 1723 1640 1756 ad

960 1767 1018 1800 auf
1042 1778 1118 1799 cum
1144 1768 1177 1800 in
1209 1770 1342 1800 circum
1376 1768 1637 1812 fibergegangen

960 1812 1026 1845 und
1059 1813 1133 1846 eine
1166 1812 1257 1846 Zeile
1286 1813 1472 1846 iibersehen
1512 1813 1640 1855 wurde‚

962 1862 1184 1900 conspectum
1209 1858 1254 1890 ist
1278 1859 1344 1890 wol
1363 1858 1467 1891 durch
1483 1861 1641 1902 conspici

962 1903 1159 1943 veranlasst,
1184 1903 1251 1945 vgl.
1279 1905 1331 1943 37,
1351 1905 1404 1944 23,
1422 1906 1454 1936 1:
1481 1904 1639 1936 Phaselis

960 1967 988 1972 —
1015 1950 1234 1988 conspicitur
1257 1950 1375 1989 prima
1400 1967 1428 1971 -
1454 1952 1487 1980 et
1512 1949 1641 1991 procul

960 1995 1104 2024 navium
1118 1994 1263 2034 praebet
1277 1997 1501 2035 prospectum
1518 1995 1567 2033 10,
1584 1996 1639 2037 32,

962 2040 1000 2072 6:
1026 2048 1097 2069 non
1123 2042 1312 2080 prospectu
1334 2038 1436 2070 modo
1464 2039 1638 2082 adempto,

960 2083 1022 2115 sed
1046 2085 1151 2115 etiam
1179 2103 1202 2105 ——
1231 2088 1437 2125 conspeclu;
1463 2086 1517 2124 44,
1543 2087 1574 2125 3,
1600 2087 1638 2123 7;

961 2128 1034 2160 Pol.
1057 2138 1084 2160 c.
1116 2130 1165 2168 10
1191 2131 1209 2161 5
1236 2132 1311 2170 sagt
1336 2139 1398 2161 nur
1429 2125 1447 2161 ὁ
1478 2127 1570 2171 Τυνη
1573 2140 1588 2162 ς
1612 2149 1639 2153 -

959 2176 1037 2206 ἐστι
1061 2169 1238 2206 σύνοπτος
1263 2173 1300 2213 εξ
1324 2169 1405 2216 ὅλης
1428 2174 1489 2215 τῆς
1501 2172 1638 2208 πόλεως

960 2218 1167 2260 (Catthago).
1195 2239 1233 2242 -
1259 2222 1371 2261 possm
1395 2219 1426 2251 in
1442 2219 1556 2263 Bezug
1580 2219 1640 2252 auf

961 2267 1077 2303 abest‚-
1103 2264 1193 2296 nicht
1217 2267 1342 2305 posset.

1004 2307 1062 2343 10.
1092 2311 1185 2342 1-3.
1217 2308 1373 2352 Uticam,
1404 2308 1482 2343 dass
1508 2309 1557 2343 sie
1581 2309 1638 2342 da-

958 2354 1013 2387 hin
1041 2358 1186 2395 steuern,
1211 2354 1337 2387 konnte
1363 2364 1425 2387 nur
1446 2354 1637 2387 vermuthet

959 2399 1106 2432 werden.
1131 2418 1175 2423 -—
1200 2401 1351 2442 raptim,
1384 2399 1443 2432 der
1469 2400 1554 2442 Weg
1578 2410 1637 2432 zur

958 2444 1022 2477 See
1048 2454 1117 2477 war
1130 2444 1242 2483 nahem
1267 2444 1334 2477 und
1361 2455 1421 2477 nur
1438 2444 1562 2487 der§9
1588 2454 1637 2477 er-

960 2489 1093 2522 wahnte
1120 2489 1281 2522 Umstand
1307 2489 1420 2522 macht
1444 2499 1479 2522 es
1511 2489 1634 2522 erklar-

958 2534 1044 2575 lich,
1075 2536 1138 2568 wie
1164 2534 1276 2578 Scipio
1302 2535 1360 2568 der
1382 2534 1492 2567 Flotte
1516 2545 1634 2567 zuvor·

959 2579 1046 2612 kam.
1074 2599 1117 2604 —
1143 2591 1262 2612 versae
1294 2580 1326 2612 in
1361 2579 1475 2622 Bezug
1508 2580 1568 2612 auf
1596 2582 1634 2612 in
1691 2590 1695 2624 ᾗ
