1732 2840
44 94 73 117 3.
92 87 142 114 Ch.
162 87 219 114 206.

503 73 626 107 LIBER
643 72 793 109 XXVIII.
841 72 933 107 CAP.
960 75 1012 108 19.

1386 73 1463 111 175

46 196 177 230 mento
199 189 408 235 sancirent,
431 200 479 227 ne
502 188 590 238 quis
611 199 796 238 umquam
812 187 1029 226 Romanum
1053 187 1173 226 civem
1195 187 1403 228 militemve
1424 190 1463 228 in

47 246 123 287 ulla
145 246 300 285 fortuna
321 250 588 296 opportunum
621 244 785 283 iniuriae
808 243 979 282 duceret.
1020 243 1066 282 ab
1095 244 1167 283 hac
1197 245 1465 286 cohortatione
1485 254 1506 285 9

46 302 156 342 ducis
176 301 324 342 incitati
346 301 465 341 scalas
487 300 619 340 electis
640 313 712 351 per
731 300 953 352 manipulos
973 300 1065 339 viris
1097 300 1281 340 dividunt.
1322 303 1464 354 partito

46 359 229 406 exercitu,
251 358 301 397 ita
318 363 360 397 ut
375 358 473 409 parti
491 357 600 396 alteri
617 356 771 396 Laelius
787 361 984 409 praeesset
1000 357 1162 408 legatus,
1180 358 1332 398 duobus
1348 358 1464 398 simul

44 415 140 455 locis
169 414 329 466 ancipiti
358 422 508 454 terrore
537 413 675 453 urbem
704 413 997 464 adgrediuntur.
1047 426 1126 453 non
1158 414 1236 454 dux
1264 428 1369 455 unus
1398 422 1465 455 aut
1485 423 1524 456 10

44 471 178 523 plures
193 471 393 522 principes
410 470 640 522 oppidanos,
663 470 729 509 sed
751 482 845 509 suus
867 470 1043 522 ipsorum
1060 483 1107 510 ex
1124 472 1363 511 conscientia
1380 471 1464 511 cul-

43 540 116 579 pae
131 534 258 567 metus
275 528 321 579 ad
339 526 625 576 defendendum
651 527 805 578 inpigre
832 526 967 566 urbem
994 526 1185 576 hortatur,
1213 534 1251 567 et
1275 529 1463 568 memine-
1488 539 1521 570 11

43 590 145 631 rant,
182 591 219 624 et
239 584 498 623 admonebant
517 583 612 622 alios
634 583 873 635 supplicium
895 596 941 622 ex
962 596 1015 631 se,
1039 596 1119 623 non
1140 584 1338 624 victoriam
1361 585 1462 636 peti3

43 640 110 680 ubi
132 641 299 692 quisque
319 646 484 680 mortem
506 645 721 691 oppeteret,
744 640 781 679 id
802 640 974 689 referre,
996 645 1127 680 utrum
1149 641 1189 679 in
1210 653 1342 693 pugna
1366 648 1404 680 et
1424 641 1463 680 in

43 697 142 745 acie,
177 697 241 736 uhi
263 697 363 736 Mars
385 696 606 736 eommunis
638 702 673 735 et
694 697 838 735 victum
861 709 975 748 saepe
1007 697 1174 748 erigeret
1206 703 1244 736 et
1265 698 1466 749 adfligeret

43 754 249 800 victorem,
280 766 329 793 an
350 753 556 805 postmodo
573 784 582 800 ,
604 759 769 792 cremata
791 759 828 792 et
843 753 968 792 diruta
991 753 1105 802 urbe,
1136 761 1226 793 ante
1247 767 1313 794 ora
1335 760 1464 806 capta-
1488 765 1524 797 12

42 822 129 848 rum
160 810 372 861 coniugum
404 810 719 861 liberorumque,
749 810 851 848 inter
881 809 1038 849 verbera
1068 816 1104 849 et
1131 811 1305 859 vincula,
1335 811 1464 850 omnia

42 866 157 906 foeda
177 873 293 917 atque
316 866 474 917 indigna
496 866 598 917 passi
622 866 877 917 exspirarent.
909 866 1028 917 igitur
1050 879 1128 905 non
1150 866 1327 907 militaris
1348 867 1464 906 modo
1488 877 1525 910 13

41 928 144 962 aetas
165 930 232 962 aut
251 923 323 962 viri
343 929 494 962 tantum
508 954 517 970 ‚
553 923 619 961 sed
641 922 808 961 feminae
829 923 1023 973 puerique
1044 935 1164 974 super
1184 924 1301 962 animi
1324 935 1464 975 corpo-

41 979 174 1030 risque
195 979 296 1018 vires
317 979 478 1027 adsunt,
509 979 777 1030 pugnantibus
797 979 872 1018 tela
895 978 1137 1027 ministrant!,
1160 991 1247 1018 saxa
1269 980 1309 1019 in
1331 992 1465 1019 muros

0 1077 22 1091 ,—
41 1035 313 1075 munientibus
333 1041 487 1086 gerunt.
524 1047 604 1073 non
625 1034 783 1074 libertas
804 1034 930 1073 solum
953 1035 1150 1086 agebatur,
1172 1048 1271 1087 quae
1291 1036 1464 1075 virorum
1487 1047 1525 1079 14

0 1095 2 1118 l
40 1092 200 1131 sortium
230 1097 380 1131 tantum
410 1098 568 1143 pectora
599 1091 723 1138 acuit,

41 1206 137 1243 tum,·
161 1203 334 1243 21‚34,2:
359 1201 443 1234 utili
463 1201 634 1244 evemplo,
659 1211 716 1244 ge-

39 1246 207 1280 wohnlich
234 1257 295 1279 nur
321 1247 526 1279 documento
553 1246 634 1280 oder
656 1247 716 1278 do-

40 1296 239 1325 cumentum
265 1291 352 1325 ohne
376 1292 537 1330 Attribut,
562 1302 588 1325 s.
616 1302 643 1324 c.
661 1293 716 1332 42,

43 1340 75 1375 1;
104 1339 156 1376 16,
181 1338 232 1370 12.
256 1356 301 1361 —
324 1339 466 1378 sane-ir„
491 1337 539 1370 als
564 1336 716 1379 heiliges,

38 1381 358 1416 unverbrfichliches
383 1382 502 1416 Gesetz
525 1381 716 1416 hinstellen.

38 1447 82 1452 —
97 1431 297 1470 opportun„
324 1431 518 1471 ausgesetzt
533 1427 591 1466 sei,
613 1437 716 1470 unge-

39 1473 282 1506 straftverletzt
292 1472 426 1506 werden
438 1472 560 1514 kfinne,
570 1474 716 1513 24,37,2.

84 1519 206 1552 9-12.
232 1519 274 1550 ab
300 1519 332 1550 Ιι.
359 1529 400 1556 c.,
432 1517 500 1560 vgl.
533 1528 562 1551 c.
597 1519 650 1559 33,
681 1520 715 1556 l;

39 1565 93 1604 24,
119 1564 173 1603 22,
196 1565 233 1597 6:
260 1564 302 1596 ab
329 1564 394 1595 lzac
420 1565 582 1595 contione
608 1563 718 1604 legati

37 1610 136 1640 missi
164 1611 264 1647 sun&
301 1618 342 1641 an
378 1618 408 1641 u.
434 1608 483 1641 St.
517 1608 648 1641 scheint
673 1608 716 1640 ab

38 1653 191 1695 zugleich
217 1652 280 1685 den
306 1652 419 1686 Grund
444 1663 482 1685 zu
509 1655 653 1685 incitati
676 1663 717 1685 zu

39 1697 232 1737 euthalten,
261 1707 287 1730 s.
314 1708 341 1731 c.
367 1701 399 1739 5,
421 1699 460 1740 43
487 1699 539 1738 30,
566 1700 597 1739 6,
625 1700 658 1735 1;
685 1700 716 1739 5,

39 1744 93 1784 28,
126 1746 160 1776 ἵε
199 1743 443 1784 neglegentius
481 1743 522 1774 ab
559 1754 598 1775 re
633 1744 717 1775 bene

36 1791 138 1830 gesta
163 1792 301 1820 euntem
326 1798 358 1821 u.
377 1797 405 1820 a.
426 1806 470 1811 —
493 1799 558 1830 per
581 1790 715 1830 manip.

38 1833 123 1866 nach
154 1832 345 1875 Maffipeln,
388 1842 448 1866 aus
487 1833 594 1866 einem
632 1833 716 1866 nach

38 1877 113 1911 dem
138 1877 274 1912 andern.
299 1897 343 1902 —
369 1878 541 1919 dividunt,
571 1878 625 1911 die
650 1880 716 1910 An-

38 1923 159 1956 sfihrer.
184 1942 229 1947 —
249 1927 345 1966 part.
373 1934 499 1965 emere„
528 1934 554 1957 s.
588 1934 627 1956 zu
662 1925 716 1964 23,

39 1969 92 2008 26,
124 1970 162 2007 2;
197 1967 256 2001 das
288 1968 484 2012 Asyndeton
518 1968 633 2002 deutet
663 1968 717 2001 die

38 2012 154 2046 rasche
179 2013 395 2057 Ausfiihrung
420 2013 663 2056 an.—-oppz‘d.
692 2034 714 2038 -

40 2059 224 2097 hortatur,
256 2058 309 2092 die
338 2058 717 2102 Auseinanderstellung

37 2103 104 2136 wie
129 2104 183 2143 22,
209 2105 262 2144 50,
279 2105 318 2141 4;
344 2105 465 2146 37,12,
481 2106 499 2138 8
525 2114 556 2137 ιι.
583 2114 623 2144 a.,
646 2104 716 2147 vgl.

39 2149 59 2190 ξ
72 2150 93 2182 4
119 2147 166 2180 acl
189 2147 332 2190 Iliturg.
347 2168 374 2173 ·—
389 2159 473 2181 suus
491 2151 569 2192 ips„
595 2152 648 2191 30,
663 2151 716 2191 20,

40 2195 72 2235 8,
96 2203 121 2226 s.
151 2195 179 2234 1,
204 2194 259 2232 28,
283 2196 314 2226 4.
338 2212 383 2218 ——
409 2205 464 2235 eoe,
488 2195 558 2237 vgl.
585 2196 636 2234 10,
665 2196 717 2236 18,

43 2240 98 2277 10;
132 2248 168 2271 es
192 2237 277 2271 fehlt
299 2238 344 2270 im
368 2238 444 2272 Put.
468 2258 511 2263 —
535 2241 715 2273 meminer.

41 2293 72 2316 n.
90 2285 170 2326 ipsi,
196 2282 298 2316 daher
314 2282 373 2316 der
386 2283 590 2327 Gegensatz:
616 2285 715 2317 alios.

38 2347 84 2354 -
108 2339 153 2361 θα)
176 2339 211 2360 se
238 2347 265 2351 —
289 2330 372 2370 peti,
395 2339 422 2362 s.
446 2331 478 2369 8,
503 2331 557 2371 33,
584 2332 641 2364 13;
673 2341 716 2362 ex

41 2374 198 2406 hostibus
223 2375 409 2405 victoriam
431 2378 567 2416 petere;
593 2377 646 2416 30,
665 2376 715 2414 16,

42 2420 58 2450 7
86 2418 155 2462 vgl.
181 2420 234 2457 27,
260 2420 315 2459 40,
340 2420 376 2456 9;
403 2428 464 2451 nur
487 2429 525 2452 so
549 2419 633 2452 wird
659 2430 716 2462 pe-

41 2465 114 2496 tere
145 2463 205 2497 mit
234 2474 279 2496 ea:
310 2463 370 2496 mit
401 2463 508 2497 einem
532 2464 717 2498 Personen-

42 2517 160 2542 namen
196 2507 400 2542 verbunden.
425 2528 469 2533 —
493 2510 555 2542 ubi
592 2512 718 2553 quisq„

753 1091 819 1131 sed
848 1091 983 1130 ultima
1013 1092 1186 1131 omnium
1215 1093 1406 1144 supplicia
1428 1099 1465 1132 et

785 1201 824 1234 da
858 1201 909 1234 ihr
942 1202 1012 1235 Tod
1048 1201 1134 1235 doch
1166 1203 1289 1245 gewiss
1324 1204 1389 1247 sei,
1427 1214 1464 1237 so

784 1247 919 1280 komme
945 1257 980 1280 es
1006 1258 1067 1280 nur
1091 1247 1212 1280 darauf
1233 1258 1274 1281 an
1288 1259 1385 1291 usw.,
1409 1251 1463 1289 25,

789 1295 839 1334 16,
858 1295 909 1326 19.
924 1310 964 1315 —
979 1303 1102 1334 pugna
1116 1292 1239 1336 Kamps
1260 1293 1462 1337 iiberhaupt;

786 1340 861 1370 acie
885 1337 1067 1381 geordnete
1093 1337 1261 1378 Schlacht‚
1288 1341 1341 1381 30,
1360 1341 1415 1381 35,
1431 1342 1462 1373 4.

784 1402 823 1406 ——-
852 1385 984 1415 victum
1001 1402 1029 1406 —
1051 1385 1228 1424 victorem,
1255 1384 1319 1417 wie
1343 1385 1465 1417 vorher

787 1428 861 1460 dum
885 1447 914 1451 —
938 1430 1119 1471 principes
1157 1429 1356 1470 chiastisch,
1394 1430 1463 1473 vgl.

784 1473 878 1506 Hom.
892 1473 926 1505 ll.
946 1475 996 1514 18,
1008 1476 1082 1508 536.
1091 1494 1135 1498 —
1144 1475 1339 1516 postmodo,
1351 1476 1422 1516 2,1,
1432 1477 1463 1508 9.

833 1520 976 1552 13—14.
997 1529 1069 1552 non
1082 1519 1185 1552 modo
1200 1539 1227 1542 —
1243 1523 1382 1552 tantum
1396 1521 1464 1554 und

785 1564 804 1605 ξ
821 1566 859 1597 14
886 1574 957 1596 non
979 1565 1093 1597 solum
1107 1564 1199 1598 dient
1212 1564 1283 1598 hier
1297 1565 1392 1598 mehr
1406 1565 1465 1599 der

784 1608 1057 1652 Abwechslung,
1088 1610 1138 1642 als
1168 1609 1246 1643 dass
1279 1610 1339 1643 das
1362 1610 1465 1653 Mass,

786 1653 844 1686 der
877 1653 980 1693 Grad,
1012 1654 1065 1687 die
1089 1654 1374 1698 Ausschliessung
1406 1655 1465 1688 der

788 1698 988 1741 Begleitung
1034 1699 1289 1733 unterschieden
1336 1700 1464 1741 wurde,

786 1744 853 1786 vgl.
880 1746 933 1784 30,
960 1745 1012 1784 22,
1040 1746 1076 1785 23
1103 1747 1135 1785 2,
1161 1747 1215 1785 59,
1239 1746 1461 1788 2.—super‚

785 1789 867 1822 iiber
880 1789 933 1821 die
947 1788 1060 1822 Kraste
1074 1789 1192 1823 hinaus
1207 1807 1252 1819 =
1264 1791 1344 1832 plus
1357 1802 1464 1833 quam

786 1838 876 1866 vires
889 1833 1062 1874 ferebant,
1075 1835 1143 1878 vgl.
1160 1836 1214 1875 31,
1232 1837 1282 1877 18,
1296 1837 1332 1869 3:
1357 1847 1464 1879 super

786 1881 914 1919 omnia,
935 1879 1021 1912 doch
1040 1879 1146 1912 findet
1159 1880 1229 1913 sich
1250 1891 1357 1924 super·
1370 1881 1465 1914 mehr

784 1924 837 1958 bei
852 1923 1014 1967 Spateren
1035 1935 1073 1958 so
1090 1925 1283 1967 gebraucht‚
1309 1935 1335 1959 s.
1351 1926 1462 1965 Quint.

788 1972 839 2011 11,
855 1972 886 2009 3,
905 1971 983 2004 169:
1008 1981 1115 2012 super·
1138 1970 1280 2003 modum
1295 1981 1338 2003 ac
1352 1982 1463 2014 paene

785 2018 974 2056 natm-am,
1006 2015 1157 2048 weshalb
1191 2025 1231 2048 an
1264 2026 1297 2048 u.
1323 2016 1371 2049 St.
1406 2027 1463 2059 ge-

786 2059 956 2093 wbhnlich
986 2071 1097 2102 supra
1129 2060 1265 2103 gelesen
1297 2061 1393 2094 wird.
1418 2081 1463 2086 -—

786 2107 823 2137 in
855 2115 976 2137 muros
1006 2105 1127 2149 gehort
1162 2116 1203 2138 zu
1235 2116 1350 2146 saxa‚·
1381 2116 1407 2140 s.
1433 2118 1462 2141 c.

785 2152 839 2191 45,
868 2153 926 2184 15:
954 2151 1061 2183 lintea
1085 2153 1124 2182 in
1148 2151 1245 2192 vela;
1269 2153 1322 2190 44,
1350 2154 1382 2192 7,
1404 2153 1461 2186 12:

787 2196 940 2227 aliorum
972 2198 1009 2228 in
1040 2206 1142 2228 usum
1172 2206 1291 2228 rerum
1323 2199 1462 2239 copiam

786 2243 975 2278 invenisse.
1005 2243 1037 2283 4,
1062 2243 1115 2282 59,
1146 2244 1202 2279 l1;
1227 2243 1257 2280 3,
1283 2242 1337 2282 53,
1363 2243 1392 2275 8.
1418 2261 1463 2266 —

784 2286 1008 2327 munientia,
1043 2286 1194 2326 absolut,
1229 2296 1256 2319 s.
1292 2288 1318 2325 1,
1346 2287 1398 2327 38,
1425 2289 1460 2322 6:

785 2341 854 2373 qua
888 2332 1047 2364 nondum
1078 2333 1277 2371 munierat;
1310 2334 1340 2371 5,
1369 2334 1397 2374 1,
1423 2334 1460 2371 8;

785 2375 844 2409 der
867 2375 965 2409 Dativ
989 2386 1108 2419 wegen
1140 2375 1198 2408 des
1227 2376 1261 2408 in
1291 2387 1381 2410 saoea
1404 2388 1463 2420 ge-

786 2426 873 2453 runt
895 2421 1073 2464 liegenden
1099 2420 1261 2464 Begrifl'es
1286 2420 1344 2455 des
1369 2422 1464 2455 Brin-

786 2475 879 2508 gens.
909 2485 954 2491 —
987 2468 1139 2508 agebat„
1171 2465 1268 2499 stand
1299 2467 1358 2500 auf
1387 2467 1461 2501 dem

787 2511 908 2554 Spiele‚
933 2513 987 2553 27,
1012 2513 1066 2553 34,
1092 2514 1177 2544 7.—
1197 2515 1345 2555 tantum,
1369 2512 1463 2546 nicht
