1732 2840
182 92 264 133 236

639 95 763 129 LIBER
787 94 933 129 xxvffl.
979 94 1072 129 CAP.
1097 97 1152 130 43.

1455 113 1481 134 a.
1503 115 1536 137 u..
1551 108 1609 135 549.

124 218 162 251 14
181 211 263 251 rior
290 211 392 251 bello
422 210 593 261 gerendo
625 210 718 257 fuit,
741 222 857 262 quam
880 222 986 250 nunc
1007 209 1094 250 est?
1114 223 1162 250 an
1186 222 1275 250 cum
1297 210 1605 262 Carthaginiensi

183 269 295 308 hoste
312 268 352 307 in
364 267 550 319 Hispania
567 279 682 319 quam
699 267 738 306 in
758 267 886 306 Africa
901 266 1047 306 bellum
1064 267 1145 318 geri
1163 267 1293 320 aptius
1309 266 1393 307 est?
1409 268 1521 308 facile
1538 276 1607 318 est,

185 331 275 378 post
295 325 403 364 fusos
424 324 657 376 fugatosque
679 329 863 376 quattuor
884 324 1076 363 exercitus
1095 324 1280 371 Punicos,
1301 331 1390 377 post
1413 331 1470 364 tot
1490 325 1608 365 urbes

182 382 218 420 vi
239 387 370 433 captas
391 387 457 419 aut
476 388 582 420 metu
603 380 782 420 subactas
803 381 843 419 in
866 380 1074 429 dicionem,
1110 387 1200 433 post
1229 382 1445 433 perdomita
1478 382 1608 422 omnia

126 446 162 478 15
183 450 307 489 usque
322 437 369 476 ad
392 437 605 485 Oceanum,
628 443 687 476 tot
706 436 877 488 regulos,
898 443 955 476 tot.
976 450 1105 477 saevas
1127 443 1277 488 gentes,
1299 444 1390 490 post
1410 444 1608 491 receptam

183 500 303 534 totam
324 493 550 546 Hispaniam
572 494 637 541 ita,
659 500 702 533 ut
720 494 926 545 vestigium
947 494 1038 533 belli
1059 494 1211 534 nullum
1231 494 1427 547 reliquum
1448 495 1512 543 sit,
1530 495 1608 534 ele-

126 558 163 591 16
184 563 271 591 vare
302 563 406 590 meas
437 563 499 590 res
529 556 670 602 gestas,
692 556 768 590 tam
790 550 962 598 hercule,
985 563 1113 613 quam,
1135 551 1166 590 si
1187 551 1310 590 victor
1331 564 1376 591 ex
1397 551 1527 591 Africa
1547 564 1609 591 re·

182 608 332 655 dierim,
356 620 399 646 ea
419 607 503 659 ipsa
526 607 688 655 elevare,
710 619 809 659 quae
830 620 938 647 nunc
960 598 1154 647 retinendi
1175 608 1251 647 mei
1284 620 1411 656 causa,
1432 614 1476 648 ut
1495 608 1609 648 terri-

126 673 159 704 17
183 664 273 704 bilia
304 664 437 704 eadem
457 664 674 713 videantur,
695 664 823 703 verbis
845 664 1097 704 extolluntu1.

1159 672 1274 716 negat
1294 665 1439 704 aditum
1462 677 1548 704 esse
1568 665 1608 704 in

181 721 363 769 Africam,
387 727 503 772 negat
523 720 625 760 ullos
646 726 780 773 patere
802 727 959 772 portus;
983 721 1034 760 M.
1056 720 1214 760 Atilium
1237 728 1394 773 captum
1416 722 1455 761 in
1477 722 1607 761 Africa

183 784 474 828 commemorat,
490 783 686 829 tamquam
702 777 752 816 M.
764 777 905 817 Atilius
921 778 1048 830 primo
1065 790 1223 817 accessu
1241 779 1286 817 ad
1299 778 1468 818 Africam
1485 778 1611 817 offen-

182 834 301 882 derit,
331 847 460 886 neque
498 834 725 873 recordatur
745 833 799 873 illi
830 834 902 887 ipsi
920 842 997 873 tam
1019 834 1165 873 infelici
1188 835 1415 887 imperatori
1436 835 1610 887 patuisse

181 897 310 931 tamen
341 898 478 943 portus
507 891 672 938 Africae,
704 897 742 930 et
771 903 833 930 res
863 891 1036 942 egregias
1065 891 1191 943 primo
1229 903 1333 930 anno
1365 892 1530 943 gessisse
1561 897 1611 939 et,

184 954 372 1000 quantum
403 948 448 987 ad
471 947 813 998 Carthaginienses
834 948 954 987 duces
973 948 1132 996 adtinet,
1154 947 1341 987 invictum
1362 949 1409 987 ad
1429 948 1610 988 ultimum

127 1011 162 1045 18
183 1004 455 1057 permansisse.
502 1004 598 1043 nihil
629 1004 748 1055 igitur
779 1016 841 1043 me
871 1004 944 1043 isto
976 1010 1019 1043 tu
1041 1004 1218 1057 exemplo
1240 1005 1437 1044 terrueris.
1483 1004 1515 1043 si
1535 1005 1611 1044 hoc

183 1061 300 1109 bello,
332 1073 412 1101 non
444 1061 589 1112 priore,
611 1061 643 1100 si
661 1073 788 1112 nuper
810 1068 847 1100 et
877 1073 956 1100 non
988 1061 1103 1100 annis
1133 1068 1223 1100 ante
1252 1074 1352 1101 xxxx
1381 1061 1453 1101 ista
1484 1060 1613 1101 clades

183 1124 342 1170 accepta
363 1118 474 1165 foret,
498 1117 564 1169 qui
586 1130 657 1168 ego
679 1118 810 1156 minus
830 1118 870 1156 in
889 1117 1059 1157 Africam
1081 1118 1231 1168 Regulo
1255 1124 1367 1170 capto
1391 1130 1506 1170 quam
1529 1117 1612 1156 Sci-

128 1181 164 1214 19
184 1175 370 1227 pionihus
401 1174 540 1213 occisis
571 1174 611 1213 in
634 1174 863 1226 Hispaniam
886 1172 1119 1213 traicerem?
1151 1187 1224 1213 nec
1245 1174 1398 1214 felicius
1418 1174 1612 1226 Xanthip-

184 1243 278 1284 pum
299 1230 651 1270 Lacedaemonium
672 1230 894 1281 Carthagini
917 1243 1030 1282 quam
1054 1243 1115 1270 me
1136 1231 1283 1283 patriae
1304 1243 1412 1271 meae
1443 1232 1612 1270 sinerem

185 1294 318 1328 natum
349 1300 453 1334 esse,
486 1293 757 1339 cresceretque
786 1287 881 1327 mihi
903 1299 948 1326 ex
966 1299 1011 1326 eo
1030 1287 1116 1339 ipso
1133 1288 1287 1335 fiducia,
1311 1288 1414 1340 quod
1432 1288 1555 1340 possit
1571 1287 1612 1326 in

123 1351 165 1384 20
184 1344 357 1384 hominis
379 1344 495 1383 unius
514 1344 655 1383 virtute
678 1349 829 1383 tantum
849 1343 1038 1383 momenti
1060 1356 1156 1383 esse.
1201 1350 1239 1383 at
1260 1345 1377 1383 etiam
1398 1344 1613 1384 Athenien-

184 1414 246 1441 ses
277 1400 460 1440 audiendi
491 1407 596 1449 sunt,
629 1408 774 1439 temere
795 1400 835 1439 in
858 1400 1031 1440 Siciliam
1063 1400 1208 1440 omisso
1230 1401 1335 1440 domi
1357 1401 1460 1440 bello
1483 1406 1612 1440 trans-

182 1501 275 1543 sind,
306 1500 432 1534 konnte
467 1500 553 1533 doch
579 1500 631 1533 die
655 1500 863 1543 Auffassung

183 1547 257 1579 eine
282 1545 523 1579 verschiedene
549 1546 630 1579 sein.
657 1565 700 1570 —
727 1547 861 1579 subaet.

184 1595 223 1624 in
248 1592 295 1631 d.‚
319 1591 383 1623 wie
409 1591 581 1633 redigere,
612 1593 781 1632 c.21,1;
809 1601 863 1623 co-

183 1648 278 1680 gere,
304 1638 358 1677 36,
383 1638 438 1677 39,
463 1638 499 1674 93
531 1636 651 1669 anders
682 1638 714 1677 6,
744 1638 776 1678 2,
804 1638 862 1670 13;

184 1684 348 1730 subigere
383 1682 429 1714 ad
466 1682 690 1714 deditionem.
715 1700 759 1706 --
794 1685 864 1713 tam

185 1722 344 1767 hercule,
377 1729 430 1767 34,
464 1729 517 1768 32,
543 1729 575 1760 Ἴ.
612 1727 767 1768 elevare,
804 1726 866 1759 mit

186 1772 370 1806 Rficksicht
395 1772 454 1804 auf
471 1782 499 1805 c.
514 1774 568 1813 42,
582 1772 864 1806 6.—7ed1e71m.

184 1819 218 1850 in
238 1818 352 1860 Bezug
377 1816 436 1850 auf
458 1817 518 1850 das
543 1828 582 1850 zu
608 1817 785 1850 denkende
808 1817 864 1857 fa-

186 1863 252 1896 cile
277 1865 369 1902 erit;
393 1861 451 1894 der
475 1862 630 1904 kiinftige
655 1862 779 1904 Erfolg.

235 1909 375 1940 17—21.
390 1906 448 1939 Die
462 1907 683 1950 angesiihrten
699 1907 864 1949 Beispiele

186 1952 355 1986 beweisen
382 1952 508 1990 nichts;
534 1952 656 1985 andere
670 1951 791 1995 gerade
805 1952 865 1984 das

187 1997 397 2041 Gegentheil.
410 2016 450 2020 —
468 1997 667 2038 offenderit,
687 1997 783 2030 einen
798 1996 865 2029 Un-

186 2043 244 2076 sall
267 2043 401 2077 erlitten
426 2042 523 2082 habe,
548 2042 686 2075 mildere
707 2042 863 2075 Bezeich·

186 2099 280 2131 nung
304 2088 362 2121 der
386 2087 598 2130 Niederlage,
624 2098 649 2121 s.
666 2090 720 2129 35,
733 2089 787 2126 26,
807 2090 863 2130 103

187 2134 281 2167 Caes.
307 2133 344 2168 B.
371 2133 404 2166 C.
431 2135 462 2174 3,
487 2135 519 2176 8,
540 2136 768 2171 2.—tamen‚
794 2142 864 2165 we-

188 2179 351 2222 nigstens,
375 2178 409 2211 in
436 2178 549 2222 Bezug
576 2178 634 2211 auf
655 2178 802 2217 infelici.
821 2197 865 2202 ——-

185 2226 333 2266 gessisse
357 2234 389 2256 n.
404 2234 491 2256 eum.
517 2243 561 2248 —
587 2226 767 2263 terrueris,
793 2233 862 2257 s.c.

188 2271 242 2309 41,
269 2271 298 2303 6.
323 2288 368 2293 -
391 2271 424 2300 si
445 2288 474 2293 —
499 2271 561 2311 qui
585 2281 613 2302 e.
641 2271 777 2301 minus:
810 2278 866 2311 ge-

188 2317 274 2347 setzt
299 2324 334 2347 es
360 2315 450 2347 ware
466 2334 493 2338 —-
508 2314 572 2347 wie
597 2314 697 2348 sollte
710 2314 762 2347 ich
777 2314 865 2346 dann

188 2359 353 2402 weniger:
399 2359 453 2392 ich
490 2359 605 2392 wiirde
648 2360 681 2392 in
718 2359 867 2402 gleicher

188 2403 312 2445 Weise,
337 2415 362 2437 s.
388 2404 516 2438 Lucret.
542 2406 573 2445 2,
597 2406 679 2438 985;
714 2404 809 2447 quod
836 2406 868 2436 si

187 2468 217 2472 —
241 2451 303 2491 qui
326 2451 443 2481 minus
474 2453 627 2492 queant;
655 2449 699 2483 ib.
725 2452 756 2489 5,
782 2451 865 2486 648:

188 2493 255 2527 Cic.
289 2494 356 2526 Att.
383 2497 413 2534 7,
439 2497 469 2534 7,
494 2498 529 2528 4:
569 2497 631 2537 qui
659 2497 797 2536 ωαξης,-
833 2495 867 2526 in

187 2538 328 2572 anderer
363 2539 581 2584 Verbindung
610 2540 645 2574 L.
679 2541 711 2582 3,
745 2541 798 2582 39,
829 2541 865 2574 6:

933 1510 1045 1542 neque
1058 1500 1187 1539 videre,
1212 1503 1275 1542 qui
1287 1501 1356 1532 sibi
1367 1503 1484 1532 minus
1499 1500 1613 1533 liceat.

932 1565 972 1569 —
1002 1548 1106 1578 annis
1131 1556 1175 1586 a.,
1206 1546 1274 1588 vgl.
1302 1548 1354 1585 35,
1381 1547 1434 1583 26,
1460 1547 1478 1578 5
1509 1548 1614 1577 annis

934 1594 1016 1623 ante
1040 1590 1179 1631 LXXX,
1205 1592 1258 1630 33,
1277 1593 1332 1631 44,
1347 1593 1379 1623 2·
1413 1589 1553 1632 XXXX,
1578 1591 1612 1622 in

933 1635 992 1669 der
1005 1635 1112 1669 Sache
1136 1635 1224 1668 kann
1252 1636 1304 1668 ein
1324 1635 1462 1668 Iri-thum
1476 1635 1527 1669 Ls'
1555 1635 1614 1668 ob-

934 1681 1076 1722 walten,
1109 1680 1149 1713 da
1183 1680 1268 1714 auch
1301 1683 1356 1723 29,
1389 1682 1443 1722 28,
1468 1683 1487 1714 5
1521 1681 1614 1714 seine

934 1726 1074 1769 Angabe
1105 1726 1197 1759 nicht
1226 1736 1335 1770 genau
1367 1727 1426 1763 ἱεῖς
1461 1726 1521 1759 das
1546 1726 1614 1759 Un-

935 1771 1038 1815 gliick
1051 1771 1110 1804 des
1127 1771 1274 1814 Regulus
1287 1771 1359 1804 fallt
1372 1771 1404 1804 in
1419 1770 1479 1805 das
1491 1771 1522 1804 J.
1536 1773 1613 1805 255.

934 1836 978 1841 ——
1002 1827 1066 1851 nec
1090 1820 1178 1850 setzt
1202 1816 1267 1850 den
1291 1816 1458 1849 Nachsatz
1491 1816 1525 1848 in
1555 1825 1614 1848 an-

934 1863 1029 1895 del‘er
1042 1862 1140 1894 Form
1157 1861 1231 1895 sort.
1242 1881 1286 1886 —
1299 1861 1451 1902 felicius,
1465 1871 1504 1893 zu
1520 1862 1614 1904 gros—

934 1917 1040 1940 serem
1066 1906 1205 1946 munke,
1229 1916 1256 1940 s.
1286 1909 1314 1947 1,
1345 1908 1395 1947 13,
1414 1908 1445 1940 3.
1461 1926 1503 1930 —
1518 1905 1613 1938 Xan-

935 1953 1063 1994 ehz'pp.,
1088 1961 1115 1984 s.
1142 1951 1326 1984 Mommsen
1354 1951 1390 1984 R.
1417 1951 1454 1985 G.
1485 1955 1511 1992 1,
1536 1953 1613 1986 521.

934 2016 978 2021 —
993 1999 1116 2039 possit,
1141 1996 1219 2029 weil
1244 1996 1297 2029 die
1322 1996 1614 2040 Verwirklichung

934 2042 1037 2075 naher
1074 2041 1214 2084 gertickt
1253 2041 1388 2074 werden
1425 2042 1509 2083 soll,
1547 2042 1612 2075 wie

934 2087 1020 2120 auch
1044 2091 1138 2120 sonst
1163 2086 1222 2120 das
1236 2097 1393 2129 praesens
1411 2087 1520 2120 neben
1538 2086 1614 2120 dem

935 2141 1043 2176 praes.
1069 2131 1296 2165 conditionale
1331 2133 1402 2165 sich
1427 2131 1551 2173 findet,
1584 2142 1611 2165 s.

935 2188 975 2210 zu
1002 2179 1054 2218 29,
1084 2179 1111 2218 1,
1137 2180 1173 2215 7;
1201 2179 1232 2217 3,
1258 2179 1312 2218 21,
1339 2180 1376 2216 73
1405 2177 1471 2210 Cic.
1496 2177 1565 2210 Fin.
1585 2180 1613 2219 1,

938 2225 969 2263 7,
995 2224 1057 2256 25:
1083 2227 1114 2254 si
1139 2223 1403 2264 concederetur,
1429 2224 1568 2255 etiamsi
1584 2241 1613 2245 -

936 2268 1028 2300 nihil
1045 2268 1237 2309 referatur,
1263 2271 1330 2300 ista
1344 2287 1371 2291 —
1385 2272 1492 2308 esset5
1516 2267 1561 2300 ib.
1581 2270 1613 2308 5,

939 2315 989 2355 19,
1015 2314 1074 2351 54;
1100 2313 1188 2347 Fam.
1212 2315 1261 2354 13,
1277 2315 1360 2356 6,3;
1387 2323 1477 2355 quae
1502 2323 1613 2355 quan-

937 2362 1010 2390 tum
1034 2377 1061 2382 -
1093 2359 1251 2399 valeant,
1287 2358 1409 2390 vellem
1445 2361 1612 2400 eoepertus

937 2414 1035 2443 esses,
1060 2404 1129 2446 vgl.
1155 2406 1208 2443 23,
1222 2406 1276 2446 27,
1294 2406 1348 2441 11;
1376 2404 1430 2443 26,
1446 2405 1499 2443 29,
1513 2405 1545 2436 7.
1568 2421 1612 2427 -

937 2452 984 2491 αι,
1010 2448 1088 2481 aber
1109 2449 1201 2482 nicht
1217 2458 1347 2492 genug;
1374 2450 1479 2480 etiam
1493 2447 1613 2491 gehort

936 2505 978 2527 zu
1003 2494 1242 2527 Athenienses.
1257 2513 1300 2518 ——
1315 2493 1485 2525 audiendi
1508 2504 1534 2526 s.
1558 2492 1613 2526 ich

937 2549 1029 2572 muss
1054 2550 1119 2572 von
1145 2539 1208 2573 den
1230 2539 1308 2573 Ath.
1332 2538 1446 2579 hos-en,
1473 2538 1612 2581 welche,
