1732 2840
111 1039 159 1076 29

179 127 232 167 76
603 129 726 162 LIBER
751 128 882 162 XXVII.
931 128 1024 162 CAP.

1051 130 1104 163 28.
1132 131 1185 163 29.
1458 146 1482 165 a.
1502 147 1528 166 u.
1548 137 1610 166 5‘46.

118 252 153 284 13
176 245 226 284 ita
248 246 338 285 inde
361 244 554 284 Hannibal
576 250 726 283 suamet
745 243 829 294 ipse
851 244 987 283 fraude
1013 250 1149 295 captus
1179 243 1272 282 abiit
1287 275 1296 292 ,
1326 243 1609 295 profectusque

178 302 222 342 ad
245 302 462 342 Locrorum
486 301 708 340 solvendam
732 300 989 349 obsidionem,
1013 313 1126 353 quam
1151 300 1189 340 C.
1210 300 1367 340 Cincius
1389 312 1538 340 summa
1559 301 1612 349 vi,

179 359 364 410 operibus
391 363 757 408 tormentorumque
788 357 893 396 omni
924 369 1068 408 genere
1104 370 1149 396 ex
1179 357 1310 396 Sicilia
1343 357 1500 397 advecto
1537 369 1608 408 op-

120 422 155 454 14
176 415 388 467 pugnabat.
430 414 584 465 Magoni
615 415 688 454 iam
720 414 823 453 haud
853 414 976 453 ferme
999 414 1133 453 fidenti
1157 420 1401 453 retenturum
1424 414 1610 453 defensu-

177 483 346 523 rumque
374 483 415 510 se
444 471 581 510 urbem
613 471 736 523 prima
767 483 857 522 spes
889 475 1014 510 morte
1045 470 1219 510 nuntiata
1241 470 1413 510 Marcelli
1440 470 1611 509 adfulsit.

120 534 155 566 15
178 534 335 568 secutus
356 528 447 567 inde
470 527 635 568 nuntius
656 527 914 567 Hannibalem
929 526 1182 567 Numidarum
1205 527 1378 578 equitatu
1395 526 1612 579 praemisso

179 585 330 637 ipsum,
353 591 545 636 quantum
567 584 788 624 adcelerare
810 590 963 635 posset,
997 596 1084 624 cum
1107 584 1281 635 peditum
1310 584 1464 634 agmine
1486 583 1613 634 sequi.

122 647 157 680 16
180 642 310 693 itaque
330 641 398 680 ubi
420 641 590 692 primum
614 640 800 680 Numidas
821 640 922 680 edito
941 654 961 680 e
978 641 1149 693 speculis
1167 640 1280 692 signo
1298 641 1505 680 adventare
1522 652 1613 679 sen-

181 698 250 746 sit,
283 704 320 737 et
350 698 435 749 ipse
465 698 653 749 patefacta
685 702 850 749 repente
879 703 991 749 porta
1013 697 1121 736 ferox
1144 698 1183 736 in
1205 697 1330 737 hostis
1352 697 1534 749 erumpit.
1576 701 1615 735 et

181 755 308 806 primo
340 754 461 806 magis
492 754 581 805 quia
610 754 809 806 inproviso
842 754 878 793 id
908 755 1074 802 fecerat,
1106 766 1220 805 quam
1247 754 1350 805 quod
1373 766 1445 805 par
1466 752 1614 792 viribus

122 818 157 849 17
180 819 304 859 esset,
334 823 479 862 anceps
510 817 707 850 certamen
731 815 833 858 erat‚·
866 811 1026 859 deinde,
1057 817 1100 850 ut
1125 823 1389 862 supervenere
1410 809 1614 858 Numidae,

179 873 310 908 tantus
340 879 460 919 pavor
481 867 667 907 Romanis
699 874 757 907 est
785 867 977 916 iniectus,
1006 873 1050 906 ut
1071 867 1214 918 passim
1237 867 1281 906 ad
1304 879 1409 906 mare
1431 879 1476 905 ac
1497 877 1614 906 naves

180 925 363 975 sugerent
383 924 528 963 relictis
552 924 738 975 operibus
758 924 1043 975 machinisque,
1066 923 1209 975 quibus
1225 935 1358 963 muros
1376 923 1614 975 quatiebant.

181 981 231 1020 ita
253 981 419 1020 adventu
442 981 671 1020 Hannibalis
692 980 817 1019 soluta
840 981 1056 1019 Locrorum
1081 980 1231 1019 obsidio
1249 987 1319 1020 est.

300 1037 505 1089 Crispinus
527 1043 734 1088 postquam
757 1037 795 1076 in
815 1037 988 1076 Bruttios
1011 1037 1228 1088 profectum
1247 1035 1502 1076 Hannibalem
1525 1047 1616 1075 sen-

180 1094 251 1142 sit,
283 1095 518 1142 exercitum,
552 1094 613 1132 cui
637 1093 798 1144 conlega
821 1094 1064 1145 praefuerat,
1090 1093 1140 1131 M.
1163 1093 1388 1132 Marcellum
1411 1092 1615 1131 tribunum

140 1158 158 1189 2
179 1151 345 1190 militum
369 1150 576 1190 Venusiam
600 1150 793 1189 abducere
815 1150 949 1198 iussit;
979 1151 1064 1201 ipse
1087 1161 1174 1189 cum
1197 1149 1419 1200 legionibus
1441 1149 1522 1188 suis
1545 1147 1615 1187 Ca·
1665 1165 1672 1170 ·

181 1219 299 1258 puam
320 1207 534 1259 profectus,
556 1206 617 1246 vix
638 1207 798 1246 lecticae
819 1207 1067 1257 agitationem
1091 1218 1183 1258 prae
1206 1206 1389 1257 gravitate
1407 1205 1612 1244 vulnerum

180 1264 353 1315 patiens,
384 1263 546 1303 Romam
568 1263 716 1303 litteras
739 1263 785 1302 de
807 1269 930 1303 morte
961 1263 1147 1314 conlegae
1178 1263 1357 1314 scripsit,
1388 1268 1615 1313 quantoque

140 1327 158 1357 3
179 1321 262 1373 ipse
285 1321 324 1360 in
348 1320 572 1359 discrimine
594 1325 714 1360 esset:
738 1332 779 1358 se
802 1320 1050 1359 comitiorum
1074 1332 1187 1359 causa
1211 1331 1291 1358 non
1314 1330 1432 1370 posse
1451 1318 1612 1358 Romam

182 1394 382 1430 ιιεσοπίλοι
409 1394 526 1441 crist-7521
552 1395 672 1436 ξύλω]
692 1408 738 1430 w:
751 1410 860 1438 παχυ-

179 1442 320 1476 Triton·
335 1438 425 1476 ὅταπ
442 1443 504 1475 οὺ
517 1439 639 1485 βούλει
661 1438 862 1485 ιπολαθεῖι

178 1486 259 1521 ‘coiis
280 1488 465 1542 εἰστρέχοα
468 1499 531 1521 τας
554 1486 743 1541 ποὶῴειιιοι
778 1485 861 1520 ταί·-

179 1545 246 1575 την
270 1546 377 1587 castet
380 1546 416 1565 αι
438 1530 567 1587 ὀρθία,
592 1535 651 1565 καὶ
670 1530 793 1566 αἰτῶι
810 1546 860 1565 τι·

179 1589 243 1612 'I'Sa
268 1576 389 1620 σχήσει
412 1598 438 1602 ὴ
460 1592 508 1630 411
534 1589 699 1611 Eto'tev’at
725 1591 797 1620 (lllsl
824 1575 863 1610 δε

180 1626 239 1656 καὶ
272 1623 307 1656 οἱ
332 1625 391 1657 επὶ
423 1624 476 1665 τῷ
508 1626 614 1665 τείχει
646 1621 863 1666 [Baliarum]

180 1667 260 1702 τοῖς
286 1667 373 1713 πρὸς
396 1671 473 1702 ταῖς
498 1667 625 1702 πύλαις
647 1667 845 1713 πολεμιοις.

225 1717 371 1749 '13-14.
396 1713 649 1757 profectusque
682 1715 769 1747 ohne
802 1718 862 1756 est,

182 1759 251 1803 vgl.
277 1770 305 1793 c.
332 1762 385 1802 27,
412 1762 447 1799 ὃς
475 1762 507 1799 9,
532 1762 587 1802 46,
619 1762 668 1794 14.
691 1779 737 1784 -
756 1770 862 1802 quam

180 1815 291 1846 muss,
324 1815 423 1838 wenn
450 1805 502 1838 die
527 1805 643 1839 Lesart
667 1805 789 1847 richtig
820 1805 863 1838 ist

181 1850 248 1891 (die
274 1850 392 1883 alteste
409 1850 488 1883 Hds.
514 1850 572 1883 hat
598 1853 862 1893 oppugnasset),

181 1895 274 1928 nicht
290 1895 563 1936 aquocrormn,
579 1895 723 1928 sondern
737 1894 863 1927 ausdas

182 1939 280 1974 dabei
312 1951 353 1973 zu
381 1939 557 1973 denkende
582 1942 681 1972 urbis
714 1940 866 1982 bezogen

181 1985 335 2024 werden;
363 1985 532 2018 einsacher
557 1985 629 2019 sind
657 1985 866 2018 Verbindun-

183 2041 246 2073 gen
277 2030 342 2064 wie
377 2032 408 2072 2,
436 2033 491 2074 53,
517 2033 530 2064 1
570 2030 697 2063 Veiens
729 2030 868 2068 bellum,

183 2077 328 2118 quibus5
355 2080 386 2117 5,
401 2078 431 2118 2,
450 2079 466 2109 7
489 2077 611 2108 hiemis
623 2078 752 2119 spatio,
778 2086 868 2117 quae

182 2132 214 2154 u.
241 2122 270 2154 a.
295 2141 341 2146 -
366 2124 436 2154 Iam
463 2122 561 2154 haud
592 2121 632 2164 fi,
663 2121 729 2154 fast
762 2120 866 2154 sehon

183 2167 276 2200 nicht
294 2167 403 2210 mehr3
432 2177 491 2210 gar
505 2166 598 2200 nieht
612 2166 707 2200 mehr
721 2166 867 2209 glaubte,

185 2214 238 2253 25,
265 2214 318 2254 25,
345 2215 379 2247 3;
414 2223 491 2245 cum
524 2213 622 2245 haud
652 2212 764 2252 ferme
796 2211 865 2243 dis-

184 2261 369 2300 creparet;
403 2259 458 2300 23,
483 2259 536 2299 29,
570 2260 589 2292 6
623 2268 654 2291 u.
682 2267 710 2290 a.
736 2276 780 2281 —-—
806 2256 864 2288 de-

184 2302 329 2344 seusun,
354 2303 399 2336 ist
424 2302 598 2336 erklarend
620 2301 864 2346 naebgestellt:

184 2347 376 2391 behaupten
415 2348 517 2382 durch
550 2348 643 2382 seine
677 2346 866 2381 Vertheidi-

184 2403 286 2436 gung.
311 2412 357 2418 —
380 2405 415 2426 se
440 2394 527 2428 ohne
555 2404 635 2435 esse,
661 2403 686 2426 s.
718 2395 746 2434 1,
766 2395 818 2431 37,
834 2394 866 2434 6,

183 2438 254 2480 vgl.
281 2439 336 2479 2S,
363 2440 417 2479 23,
441 2442 472 2473 6.
497 2459 541 2464 -—
565 2450 643 2482 spes
669 2458 696 2462 —
723 2437 865 2478 adfuls„

184 2483 236 2516 ein
252 2482 550 2526 Hoffnungsstrabl
576 2484 678 2527 gieng
704 2483 771 2516 ihm
796 2483 864 2515 aus.

183 2547 228 2552 -—
252 2531 419 2561 nuntiata
446 2534 521 2571 etc„
546 2529 710 2562 Hannibal
736 2528 866 2561 kommt

185 2576 251 2607 erst
278 2574 387 2616 einige
400 2574 472 2608 Zeit
499 2574 581 2608 nach
608 2574 682 2608 dem
697 2573 790 2607 Tode
806 2573 865 2606 des

930 1396 1126 1438 Marcellus,
1159 1397 1224 1430 wie
1259 1396 1330 1429 sich
1362 1396 1417 1429 bei
1451 1395 1510 1429 der
1535 1394 1615 1428 Ent-

931 1442 1073 1485 fernung
1103 1442 1256 1485 Salapias
1286 1452 1353 1474 von
1385 1439 1531 1474 Venusia
1567 1450 1617 1473 er-

930 1491 1058 1521 warten
1083 1487 1178 1520 lasst.
1192 1507 1237 1511 —
1252 1487 1458 1519 adcelerare
1481 1485 1618 1519 absolut

930 1533 996 1566 wie
1022 1535 1052 1575 3,
1080 1534 1133 1574 27,
1161 1534 1180 1566 8
1206 1543 1239 1566 u.
1266 1542 1307 1574 a.,
1333 1531 1402 1575 vgl.
1428 1542 1455 1564 c.
1480 1533 1536 1573 47,
1562 1533 1593 1565 8.

979 1580 1120 1612 16—17.
1138 1589 1155 1610 e
1167 1577 1333 1620 speculis,
1348 1576 1544 1610 ausserhalb
1559 1575 1618 1609 der

932 1623 1041 1663 Stadt,
1067 1623 1136 1666 vgl.
1163 1624 1216 1663 28,
1240 1621 1616 1665 5‚17.—adventa1·e‚

931 1670 975 1702 im
990 1670 1110 1711 Anzug
1124 1668 1182 1701 sei.
1196 1687 1240 1692 —-
1256 1672 1288 1700 et
1313 1670 1398 1710 ipse,
1421 1667 1488 1700 wie
1502 1677 1536 1700 er
1548 1677 1616 1700 von

932 1714 1007 1747 dem
1034 1712 1271 1747 anriickenden
1297 1713 1402 1746 Heere
1426 1712 1523 1746 einen
1548 1711 1618 1744 An·
1671 1711 1674 1714 ⁴
1703 1753 1705 1766 ι

933 1759 1014 1802 griff
1034 1762 1222 1793 erwartete.
1249 1777 1292 1783 —
1318 1768 1423 1800 quam
1460 1769 1491 1800 q.
1518 1761 1616 1799 esset,

933 1805 998 1837 wie
1032 1808 1128 1838 sonst
1158 1815 1229 1837 non
1261 1803 1358 1846 quod
1389 1807 1476 1835 esset
1498 1821 1525 1827 —
1556 1802 1618 1835 secl
1654 1834 1656 1836 ,
1682 1787 1705 1795 Ἰ

934 1852 1018 1892 quia
1055 1849 1209 1891 fecerat,
1246 1848 1326 1882 Sall.
1363 1848 1396 1881 C.
1425 1850 1475 1890 14,
1502 1849 1537 1881 7:
1573 1858 1618 1880 επ)
1679 1846 1705 1854 “’

936 1895 1018 1927 aliis
1043 1895 1147 1927 rebus
1171 1896 1306 1936 magis,
1337 1903 1442 1935 quam
1470 1892 1566 1935 quod
1589 1911 1618 1917 -

938 1944 1155 1982 compertum
1180 1939 1285 1978 soret.
1312 1958 1353 1962 —
1381 1939 1544 1981 qualieb„
1577 1947 1617 1971 zu

937 1988 1068 2018 stossen
1083 1985 1263 2035 'pssegten3
1290 1983 1375 2016 eben
1401 1983 1504 2023 noch,
1537 1982 1619 2017 oder

937 2030 1058 2063 vorher
1082 2030 1198 2062 immer
1212 2010 1413 2067 beianntem
1439 2039 1474 2062 es
1496 2009 1545 2062 'ist
1561 2029 1619 2061 be-

937 2075 1077 2109 sonders
1111 2084 1151 2107 an
1186 2074 1248 2107 den
1280 2075 1365 2107 aries
1397 2084 1439 2107 zu
1465 2073 1618 2116 denken3

937 2121 1007 2164 vgl.
1034 2122 1063 2159 8,
1090 2121 1146 2161 21,
1163 2122 1180 2153 3
1208 2120 1488 2162 zmpugnabant;
1513 2121 1567 2160 23,
1586 2121 1618 2160 4,

939 2168 975 2200 6;
1002 2165 1216 2198 verecundia
1242 2169 1330 2197 erat.

979 2210 1042 2246 29.
1071 2211 1167 2244 1-2.
1181 2209 1228 2243 Μ.
1243 2209 1414 2249 Marcell„
1432 2219 1458 2244 s.
1473 2220 1501 2243 c.
1518 2210 1573 2250 27,
1588 2211 1618 2242 7.

933 2276 978 2280 -
993 2256 1196 2296 Venusiam,
1221 2255 1254 2288 in
1277 2255 1337 2288 das
1351 2255 1484 2288 friihere
1497 2253 1618 2288 stand-

934 2302 1027 2344 lager
1051 2301 1110 2334 des
1136 2300 1269 2341 Heeres,
1296 2311 1320 2333 s.
1348 2311 1375 2334 c.
1401 2302 1456 2343 25,
1485 2302 1536 2341 10,
1561 2309 1618 2331 um

936 2346 1107 2380 Samnium
1133 2345 1200 2378 und
1226 2345 1371 2389 Apulien
1402 2356 1442 2378 zu
1477 2344 1617 2386 decken,

936 2393 1001 2425 wie
1046 2391 1216 2434 Crispinus
1265 2391 1370 2425 selbst
1414 2389 1616 2433 Campanien

935 2437 1094 2471 schiitzen
1121 2447 1160 2469 zu
1187 2439 1321 2469 miissen
1349 2436 1481 2479 glaubt;
1514 2435 1619 2467 Luca-

935 2483 1011 2515 nien
1037 2482 1127 2515 steht
1152 2482 1223 2514 also
1239 2481 1403 2514 Hannibal
1430 2479 1555 2514 wieder
1568 2479 1616 2513 of-

936 2528 1002 2561 fen.
1032 2546 1077 2551 —
1106 2527 1258 2569 profect.
1284 2546 1312 2550 —
1337 2528 1491 2569 patiens,
1530 2525 1616 2558 nach

935 2574 1061 2606 seinem
1073 2571 1269 2615 Abmarsch,
1283 2575 1476 2614 unterwegs
1489 2589 1514 2593 —
1525 2569 1618 2603 wah-
