<?xml version="1.0" encoding="UTF-8"?>
<!DOCTYPE html PUBLIC "-//W3C//DTD XHTML 1.0 Transitional//EN"
    "http://www.w3.org/TR/xhtml1/DTD/xhtml1-transitional.dtd">
<html xmlns="http://www.w3.org/1999/xhtml" xml:lang="en" lang="en">
 <head>
  <title>
</title>
<meta http-equiv="Content-Type" content="text/html;charset=utf-8" />
  <meta name='ocr-system' content='tesseract 3.04.00' />
  <meta name='ocr-capabilities' content='ocr_page ocr_carea ocr_par ocr_line ocrx_word'/>
</head>
<body>
  <div class='ocr_page' id='page_1' title='image "./aburbeconditalib06livyuoft_0350.png"; bbox 0 0 1732 2840; ppageno 0'>
   <div class='ocr_carea' id='block_1_1' title="bbox 264 112 1219 152">
    <p class='ocr_par' dir='ltr' id='par_1_1' title="bbox 264 112 1219 152">
     <span class='ocr_line' id='line_1_1' title="bbox 264 112 1219 152; baseline 0.001 -7"><span class='ocrx_word' id='word_1_1' title='bbox 264 112 316 152; x_wconf 86' lang='grc'>76</span> <span class='ocrx_word' id='word_1_2' title='bbox 733 114 856 148; x_wconf 80' lang='lat' dir='ltr'>LissER</span> <span class='ocrx_word' id='word_1_3' title='bbox 881 114 998 148; x_wconf 87' lang='lat' dir='ltr'><strong>XXIX.</strong></span> <span class='ocrx_word' id='word_1_4' title='bbox 1045 115 1138 148; x_wconf 84' lang='lat' dir='ltr'>CAP.</span> <span class='ocrx_word' id='word_1_5' title='bbox 1166 117 1219 149; x_wconf 85' lang='lat'>32.</span> 
     </span>
    </p>
   </div>
   <div class='ocr_carea' id='block_1_2' title="bbox 1536 126 1686 155">
    <p class='ocr_par' dir='ltr' id='par_1_2' title="bbox 1536 126 1686 155">
     <span class='ocr_line' id='line_1_2' title="bbox 1536 126 1686 155; baseline 0.013 -2"><span class='ocrx_word' id='word_1_6' title='bbox 1536 126 1569 153; x_wconf 72' lang='grc'>3.·</span> <span class='ocrx_word' id='word_1_7' title='bbox 1579 134 1606 154; x_wconf 94' lang='lat' dir='ltr'>u.</span> <span class='ocrx_word' id='word_1_8' title='bbox 1625 128 1686 155; x_wconf 79' lang='lat'><strong>550.</strong></span> 
     </span>
    </p>
   </div>
   <div class='ocr_carea' id='block_1_3' title="bbox 207 229 1703 454">
    <p class='ocr_par' dir='ltr' id='par_1_3' title="bbox 207 229 1703 454">
     <span class='ocr_line' id='line_1_3' title="bbox 264 229 1686 280; baseline 0.001 -12"><span class='ocrx_word' id='word_1_9' title='bbox 264 230 403 269; x_wconf 82' lang='lat' dir='ltr'>Bucari</span> <span class='ocrx_word' id='word_1_10' title='bbox 433 229 618 280; x_wconf 87' lang='lat' dir='ltr'>sequendi</span> <span class='ocrx_word' id='word_1_11' title='bbox 649 229 742 276; x_wconf 86' lang='lat' dir='ltr'>fuit,</span> <span class='ocrx_word' id='word_1_12' title='bbox 774 241 847 267; x_wconf 92' lang='lat' dir='ltr'>nec</span> <span class='ocrx_word' id='word_1_13' title='bbox 875 229 1025 280; x_wconf 84' lang='lat' dir='ltr'>ingredi</span> <span class='ocrx_word' id='word_1_14' title='bbox 1055 230 1201 269; x_wconf 89' lang='lat' dir='ltr'>flumen</span> <span class='ocrx_word' id='word_1_15' title='bbox 1227 242 1321 269; x_wconf 91' lang='lat' dir='ltr'>auso</span> <span class='ocrx_word' id='word_1_16' title='bbox 1346 242 1417 269; x_wconf 91' lang='lat' dir='ltr'>nec</span> <span class='ocrx_word' id='word_1_17' title='bbox 1437 230 1580 270; x_wconf 90' lang='lat' dir='ltr'>habere</span> <span class='ocrx_word' id='word_1_18' title='bbox 1602 243 1686 270; x_wconf 89' lang='lat' dir='ltr'>cre-</span> 
     </span>
     <span class='ocr_line' id='line_1_4' title="bbox 207 285 1687 340; baseline 0.001 -14"><span class='ocrx_word' id='word_1_19' title='bbox 207 293 243 326; x_wconf 89' lang='lat'>10</span> <span class='ocrx_word' id='word_1_20' title='bbox 264 287 369 326; x_wconf 86' lang='lat' dir='ltr'>denti</span> <span class='ocrx_word' id='word_1_21' title='bbox 391 299 432 324; x_wconf 91' lang='lat' dir='ltr'>se</span> <span class='ocrx_word' id='word_1_22' title='bbox 454 285 542 330; x_wconf 84' lang='lat' dir='ltr'>iam,</span> <span class='ocrx_word' id='word_1_23' title='bbox 566 297 680 337; x_wconf 81' lang='lat' dir='ltr'>quem</span> <span class='ocrx_word' id='word_1_24' title='bbox 702 291 943 337; x_wconf 79' lang='lat' dir='ltr'><strong>sequeretur.</strong></span> <span class='ocrx_word' id='word_1_25' title='bbox 984 286 1074 325; x_wconf 87' lang='lat' dir='ltr'>inde</span> <span class='ocrx_word' id='word_1_26' title='bbox 1095 300 1216 326; x_wconf 83' lang='lat' dir='ltr'>vanus</span> <span class='ocrx_word' id='word_1_27' title='bbox 1236 293 1371 326; x_wconf 85' lang='lat' dir='ltr'>auctor</span> <span class='ocrx_word' id='word_1_28' title='bbox 1392 287 1586 340; x_wconf 82' lang='lat' dir='ltr'>absumpti</span> <span class='ocrx_word' id='word_1_29' title='bbox 1607 288 1687 328; x_wconf 86' lang='lat' dir='ltr'>Ma-</span> 
     </span>
     <span class='ocr_line' id='line_1_5' title="bbox 264 342 1688 395; baseline 0.001 -13"><span class='ocrx_word' id='word_1_30' title='bbox 264 343 424 382; x_wconf 91' lang='lat' dir='ltr'>sinissae</span> <span class='ocrx_word' id='word_1_31' title='bbox 446 342 491 380; x_wconf 90' lang='lat' dir='ltr'>ad</span> <span class='ocrx_word' id='word_1_32' title='bbox 520 354 650 393; x_wconf 87' lang='lat' dir='ltr'>regem</span> <span class='ocrx_word' id='word_1_33' title='bbox 673 342 808 388; x_wconf 88' lang='lat' dir='ltr'>rediit,</span> <span class='ocrx_word' id='word_1_34' title='bbox 835 342 1021 395; x_wconf 85' lang='lat' dir='ltr'>missique</span> <span class='ocrx_word' id='word_1_35' title='bbox 1043 343 1108 395; x_wconf 93' lang='lat' dir='ltr'>qui</span> <span class='ocrx_word' id='word_1_36' title='bbox 1130 343 1399 394; x_wconf 77' lang='lat' dir='ltr'>Carthaginem</span> <span class='ocrx_word' id='word_1_37' title='bbox 1423 345 1605 395; x_wconf 84' lang='lat' dir='ltr'>gaudium</span> <span class='ocrx_word' id='word_1_38' title='bbox 1627 345 1688 384; x_wconf 94' lang='lat' dir='ltr'>in-</span> 
     </span>
     <span class='ocr_line' id='line_1_6' title="bbox 265 398 1703 454; baseline 0.003 -17"><span class='ocrx_word' id='word_1_39' title='bbox 265 412 361 450; x_wconf 87' lang='lat' dir='ltr'>gens</span> <span class='ocrx_word' id='word_1_40' title='bbox 391 398 639 445; x_wconf 85' lang='lat' dir='ltr'>nuntiarent;</span> <span class='ocrx_word' id='word_1_41' title='bbox 668 405 827 452; x_wconf 85' lang='lat' dir='ltr'>totaque</span> <span class='ocrx_word' id='word_1_42' title='bbox 848 399 974 439; x_wconf 82' lang='lat' dir='ltr'>Africa</span> <span class='ocrx_word' id='word_1_43' title='bbox 1001 400 1098 439; x_wconf 82' lang='lat' dir='ltr'>fama</span> <span class='ocrx_word' id='word_1_44' title='bbox 1130 401 1266 439; x_wconf 89' lang='lat' dir='ltr'>mortis</span> <span class='ocrx_word' id='word_1_45' title='bbox 1292 401 1513 440; x_wconf 82' lang='lat' dir='ltr'>Masinissae</span> <span class='ocrx_word' id='word_1_46' title='bbox 1541 401 1703 454; x_wconf 70' lang='lat' dir='ltr'>repleta</span> 
     </span>
    </p>
   </div>
   <div class='ocr_carea' id='block_1_4' title="bbox 263 455 706 497">
    <p class='ocr_par' dir='ltr' id='par_1_4' title="bbox 263 455 706 497">
     <span class='ocr_line' id='line_1_7' title="bbox 263 455 706 497; baseline 0.005 -3"><span class='ocrx_word' id='word_1_47' title='bbox 263 456 364 495; x_wconf 86' lang='lat' dir='ltr'>varie</span> <span class='ocrx_word' id='word_1_48' title='bbox 385 455 536 494; x_wconf 90' lang='lat' dir='ltr'>animos</span> <span class='ocrx_word' id='word_1_49' title='bbox 555 455 706 497; x_wconf 87' lang='lat' dir='ltr'>adfecit.</span> 
     </span>
    </p>
   </div>
   <div class='ocr_carea' id='block_1_5' title="bbox 208 512 1732 1244">
    <p class='ocr_par' dir='ltr' id='par_1_5' title="bbox 208 512 1732 1244">
     <span class='ocr_line' id='line_1_8' title="bbox 377 512 1688 564; baseline 0.002 -14"><span class='ocrx_word' id='word_1_50' title='bbox 377 512 578 551; x_wconf 86' lang='lat' dir='ltr'>Masinissa</span> <span class='ocrx_word' id='word_1_51' title='bbox 608 512 646 551; x_wconf 93' lang='lat' dir='ltr'>in</span> <span class='ocrx_word' id='word_1_52' title='bbox 678 512 864 564; x_wconf 86' lang='lat' dir='ltr'>spelunca</span> <span class='ocrx_word' id='word_1_53' title='bbox 897 512 1046 551; x_wconf 86' lang='lat' dir='ltr'>occulta</span> <span class='ocrx_word' id='word_1_54' title='bbox 1077 525 1164 552; x_wconf 90' lang='lat' dir='ltr'>cum</span> <span class='ocrx_word' id='word_1_55' title='bbox 1194 513 1325 552; x_wconf 79' lang='lat' dir='ltr'>herbis</span> <span class='ocrx_word' id='word_1_56' title='bbox 1356 520 1509 553; x_wconf 83' lang='lat' dir='ltr'>curaret</span> <span class='ocrx_word' id='word_1_57' title='bbox 1535 514 1688 563; x_wconf 92' lang='lat' dir='ltr'>vulnus,</span> 
     </span>
     <span class='ocr_line' id='line_1_9' title="bbox 209 569 1687 622; baseline 0.002 -15"><span class='ocrx_word' id='word_1_58' title='bbox 209 574 245 606; x_wconf 84' lang='lat'>12</span> <span class='ocrx_word' id='word_1_59' title='bbox 266 569 431 607; x_wconf 90' lang='lat' dir='ltr'>duorum</span> <span class='ocrx_word' id='word_1_60' title='bbox 465 569 638 620; x_wconf 88' lang='lat' dir='ltr'>equitum</span> <span class='ocrx_word' id='word_1_61' title='bbox 671 569 876 608; x_wconf 87' lang='lat' dir='ltr'>latrocinio</span> <span class='ocrx_word' id='word_1_62' title='bbox 906 581 977 621; x_wconf 89' lang='lat' dir='ltr'>per</span> <span class='ocrx_word' id='word_1_63' title='bbox 1006 569 1087 608; x_wconf 88' lang='lat' dir='ltr'>dies</span> <span class='ocrx_word' id='word_1_64' title='bbox 1118 569 1265 622; x_wconf 86' lang='lat' dir='ltr'>aliquot</span> <span class='ocrx_word' id='word_1_65' title='bbox 1285 570 1387 608; x_wconf 79' lang='lat' dir='ltr'>vixit.</span> <span class='ocrx_word' id='word_1_66' title='bbox 1429 570 1495 609; x_wconf 93' lang='lat' dir='ltr'>ubi</span> <span class='ocrx_word' id='word_1_67' title='bbox 1518 571 1687 622; x_wconf 90' lang='lat' dir='ltr'>primum</span> 
     </span>
     <span class='ocr_line' id='line_1_10' title="bbox 265 625 1689 680; baseline 0.002 -16"><span class='ocrx_word' id='word_1_68' title='bbox 265 626 377 664; x_wconf 84' lang='lat' dir='ltr'>ducta</span> <span class='ocrx_word' id='word_1_69' title='bbox 396 625 553 664; x_wconf 81' lang='lat' dir='ltr'>cicatrix</span> <span class='ocrx_word' id='word_1_70' title='bbox 571 626 731 678; x_wconf 87' lang='lat' dir='ltr'>patique</span> <span class='ocrx_word' id='word_1_71' title='bbox 747 638 861 677; x_wconf 89' lang='lat' dir='ltr'>posse</span> <span class='ocrx_word' id='word_1_72' title='bbox 878 626 952 664; x_wconf 85' lang='lat' dir='ltr'>visa</span> <span class='ocrx_word' id='word_1_73' title='bbox 970 625 1229 671; x_wconf 81' lang='lat' dir='ltr'>iactationem,</span> <span class='ocrx_word' id='word_1_74' title='bbox 1251 627 1407 666; x_wconf 86' lang='lat' dir='ltr'>audacia</span> <span class='ocrx_word' id='word_1_75' title='bbox 1430 627 1578 678; x_wconf 80' lang='lat' dir='ltr'>ingenti</span> <span class='ocrx_word' id='word_1_76' title='bbox 1600 640 1689 680; x_wconf 89' lang='lat' dir='ltr'>per-</span> 
     </span>
     <span class='ocr_line' id='line_1_11' title="bbox 265 682 1732 736; baseline 0.003 -16"><span class='ocrx_word' id='word_1_77' title='bbox 265 682 320 733; x_wconf 90' lang='lat' dir='ltr'>git</span> <span class='ocrx_word' id='word_1_78' title='bbox 340 682 396 721; x_wconf 91' lang='lat' dir='ltr'>ire</span> <span class='ocrx_word' id='word_1_79' title='bbox 418 683 463 721; x_wconf 88' lang='lat' dir='ltr'>ad</span> <span class='ocrx_word' id='word_1_80' title='bbox 486 695 651 732; x_wconf 87' lang='lat' dir='ltr'>regnum</span> <span class='ocrx_word' id='word_1_81' title='bbox 675 683 979 734; x_wconf 86' lang='lat' dir='ltr'>repentendum;</span> <span class='ocrx_word' id='word_1_82' title='bbox 1009 689 1126 735; x_wconf 88' lang='lat' dir='ltr'>atque</span> <span class='ocrx_word' id='word_1_83' title='bbox 1145 684 1183 722; x_wconf 95' lang='lat' dir='ltr'>in</span> <span class='ocrx_word' id='word_1_84' title='bbox 1207 684 1292 736; x_wconf 91' lang='lat' dir='ltr'>ipso</span> <span class='ocrx_word' id='word_1_85' title='bbox 1315 683 1454 723; x_wconf 90' lang='lat' dir='ltr'>itinere</span> <span class='ocrx_word' id='word_1_86' title='bbox 1475 685 1576 723; x_wconf 85' lang='lat' dir='ltr'>haud</span> <span class='ocrx_word' id='word_1_87' title='bbox 1597 684 1687 736; x_wconf 89' lang='lat' dir='ltr'>plus</span> <span class='ocrx_word' id='word_1_88' title='bbox 1730 694 1732 717; x_wconf 59' lang='grc' dir='ltr'><em>ὲ</em></span> 
     </span>
     <span class='ocr_line' id='line_1_12' title="bbox 208 739 1686 792; baseline 0.002 -15"><span class='ocrx_word' id='word_1_89' title='bbox 208 745 244 777; x_wconf 84' lang='grc'>13</span> <span class='ocrx_word' id='word_1_90' title='bbox 264 751 362 777; x_wconf 81' lang='lat' dir='ltr'><strong>xxxx</strong></span> <span class='ocrx_word' id='word_1_91' title='bbox 393 739 590 790; x_wconf 84' lang='lat' dir='ltr'>equitibus</span> <span class='ocrx_word' id='word_1_92' title='bbox 611 739 787 778; x_wconf 83' lang='lat' dir='ltr'>collectis</span> <span class='ocrx_word' id='word_1_93' title='bbox 808 752 894 778; x_wconf 90' lang='lat' dir='ltr'>cum</span> <span class='ocrx_word' id='word_1_94' title='bbox 919 740 956 778; x_wconf 91' lang='lat' dir='ltr'>in</span> <span class='ocrx_word' id='word_1_95' title='bbox 982 740 1210 787; x_wconf 85' lang='lat' dir='ltr'>Maesulios,</span> <span class='ocrx_word' id='word_1_96' title='bbox 1233 740 1356 792; x_wconf 88' lang='lat' dir='ltr'>palam</span> <span class='ocrx_word' id='word_1_97' title='bbox 1380 740 1454 779; x_wconf 90' lang='lat' dir='ltr'>iam</span> <span class='ocrx_word' id='word_1_98' title='bbox 1477 741 1564 792; x_wconf 90' lang='lat' dir='ltr'>quis</span> <span class='ocrx_word' id='word_1_99' title='bbox 1585 747 1686 780; x_wconf 87' lang='lat' dir='ltr'>esset</span> 
     </span>
     <span class='ocr_line' id='line_1_13' title="bbox 266 796 1690 849; baseline 0.002 -15"><span class='ocrx_word' id='word_1_100' title='bbox 266 796 395 834; x_wconf 81' lang='lat' dir='ltr'>ferens</span> <span class='ocrx_word' id='word_1_101' title='bbox 410 827 418 842; x_wconf 92' lang='lat'>,</span> <span class='ocrx_word' id='word_1_102' title='bbox 441 796 631 843; x_wconf 86' lang='lat' dir='ltr'>venisset,</span> <span class='ocrx_word' id='word_1_103' title='bbox 654 803 802 835; x_wconf 85' lang='lat' dir='ltr'>tantum</span> <span class='ocrx_word' id='word_1_104' title='bbox 827 803 974 835; x_wconf 90' lang='lat' dir='ltr'>motum</span> <span class='ocrx_word' id='word_1_105' title='bbox 998 809 1085 835; x_wconf 86' lang='lat' dir='ltr'>cum</span> <span class='ocrx_word' id='word_1_106' title='bbox 1109 797 1236 836; x_wconf 79' lang='lat' dir='ltr'>lavore</span> <span class='ocrx_word' id='word_1_107' title='bbox 1258 797 1423 849; x_wconf 83' lang='lat' dir='ltr'>pristino</span> <span class='ocrx_word' id='word_1_108' title='bbox 1446 805 1527 836; x_wconf 90' lang='lat' dir='ltr'>tum</span> <span class='ocrx_word' id='word_1_109' title='bbox 1550 798 1690 848; x_wconf 82' lang='lat' dir='ltr'>gaudio</span> 
     </span>
     <span class='ocr_line' id='line_1_14' title="bbox 266 852 1732 905; baseline 0.003 -15"><span class='ocrx_word' id='word_1_110' title='bbox 266 852 477 904; x_wconf 84' lang='lat' dir='ltr'>insperatO,</span> <span class='ocrx_word' id='word_1_111' title='bbox 502 853 618 904; x_wconf 89' lang='lat' dir='ltr'>quod,</span> <span class='ocrx_word' id='word_1_112' title='bbox 642 865 756 904; x_wconf 89' lang='lat' dir='ltr'>quem</span> <span class='ocrx_word' id='word_1_113' title='bbox 774 855 921 905; x_wconf 85' lang='lat' dir='ltr'>perisse</span> <span class='ocrx_word' id='word_1_114' title='bbox 938 853 1193 901; x_wconf 84' lang='lat' dir='ltr'>crediderant,</span> <span class='ocrx_word' id='word_1_115' title='bbox 1210 854 1445 892; x_wconf 91' lang='lat' dir='ltr'>incolumem</span> <span class='ocrx_word' id='word_1_116' title='bbox 1465 854 1690 903; x_wconf 85' lang='lat' dir='ltr'>cernebant,</span> <span class='ocrx_word' id='word_1_117' title='bbox 1731 862 1732 866; x_wconf 76' lang='grc'>’</span> 
     </span>
     <span class='ocr_line' id='line_1_15' title="bbox 266 909 1692 963; baseline 0.003 -16"><span class='ocrx_word' id='word_1_118' title='bbox 266 909 377 956; x_wconf 85' lang='lat' dir='ltr'>fecit,</span> <span class='ocrx_word' id='word_1_119' title='bbox 412 916 455 948; x_wconf 89' lang='lat' dir='ltr'>ut</span> <span class='ocrx_word' id='word_1_120' title='bbox 484 910 582 948; x_wconf 90' lang='lat' dir='ltr'>intra</span> <span class='ocrx_word' id='word_1_121' title='bbox 616 922 762 961; x_wconf 88' lang='lat' dir='ltr'>paucos</span> <span class='ocrx_word' id='word_1_122' title='bbox 789 910 871 948; x_wconf 87' lang='lat' dir='ltr'>dies</span> <span class='ocrx_word' id='word_1_123' title='bbox 900 922 964 948; x_wconf 88' lang='lat' dir='ltr'>sex</span> <span class='ocrx_word' id='word_1_124' title='bbox 986 909 1104 948; x_wconf 87' lang='lat' dir='ltr'>millia</span> <span class='ocrx_word' id='word_1_125' title='bbox 1127 911 1299 962; x_wconf 85' lang='lat' dir='ltr'>peditum</span> <span class='ocrx_word' id='word_1_126' title='bbox 1321 918 1556 950; x_wconf 87' lang='lat' dir='ltr'>armatorum</span> <span class='ocrx_word' id='word_1_127' title='bbox 1579 918 1692 963; x_wconf 86' lang='lat' dir='ltr'>quat-</span> 
     </span>
     <span class='ocr_line' id='line_1_16' title="bbox 208 966 1691 1019; baseline 0.003 -16"><span class='ocrx_word' id='word_1_128' title='bbox 208 972 243 1003; x_wconf 84' lang='grc'>14</span> <span class='ocrx_word' id='word_1_129' title='bbox 266 971 355 1004; x_wconf 88' lang='lat' dir='ltr'>tuor</span> <span class='ocrx_word' id='word_1_130' title='bbox 385 966 559 1017; x_wconf 81' lang='lat' dir='ltr'>equitum</span> <span class='ocrx_word' id='word_1_131' title='bbox 589 967 634 1005; x_wconf 87' lang='lat' dir='ltr'>ad</span> <span class='ocrx_word' id='word_1_132' title='bbox 667 979 755 1005; x_wconf 90' lang='lat' dir='ltr'>eum</span> <span class='ocrx_word' id='word_1_133' title='bbox 785 966 1061 1014; x_wconf 84' lang='lat' dir='ltr'>convenirent,</span> <span class='ocrx_word' id='word_1_134' title='bbox 1096 967 1249 1018; x_wconf 89' lang='lat' dir='ltr'>iamque</span> <span class='ocrx_word' id='word_1_135' title='bbox 1280 967 1421 1006; x_wconf 90' lang='lat' dir='ltr'>nonin</span> <span class='ocrx_word' id='word_1_136' title='bbox 1445 968 1691 1019; x_wconf 84' lang='lat' dir='ltr'>possessione</span> 
     </span>
     <span class='ocr_line' id='line_1_17' title="bbox 264 1022 1691 1077; baseline 0.002 -17"><span class='ocrx_word' id='word_1_137' title='bbox 264 1023 380 1061; x_wconf 88' lang='lat' dir='ltr'>modo</span> <span class='ocrx_word' id='word_1_138' title='bbox 405 1022 555 1074; x_wconf 88' lang='lat' dir='ltr'>paterni</span> <span class='ocrx_word' id='word_1_139' title='bbox 578 1024 688 1074; x_wconf 78' lang='lat' dir='ltr'>regni</span> <span class='ocrx_word' id='word_1_140' title='bbox 713 1032 825 1070; x_wconf 87' lang='lat' dir='ltr'>esset,</span> <span class='ocrx_word' id='word_1_141' title='bbox 848 1024 913 1061; x_wconf 88' lang='lat' dir='ltr'>sed</span> <span class='ocrx_word' id='word_1_142' title='bbox 936 1023 1049 1062; x_wconf 85' lang='lat' dir='ltr'>etiam</span> <span class='ocrx_word' id='word_1_143' title='bbox 1072 1024 1198 1062; x_wconf 89' lang='lat' dir='ltr'>socios</span> <span class='ocrx_word' id='word_1_144' title='bbox 1220 1023 1598 1074; x_wconf 82' lang='lat' dir='ltr'>Carthaginiensium</span> <span class='ocrx_word' id='word_1_145' title='bbox 1619 1037 1691 1077; x_wconf 91' lang='lat' dir='ltr'>po-</span> 
     </span>
     <span class='ocr_line' id='line_1_18' title="bbox 266 1079 1691 1132; baseline 0.002 -15"><span class='ocrx_word' id='word_1_146' title='bbox 266 1079 380 1131; x_wconf 92' lang='lat' dir='ltr'>pulos</span> <span class='ocrx_word' id='word_1_147' title='bbox 412 1079 807 1131; x_wconf 82' lang='lat' dir='ltr'>Masaesuliorumque</span> <span class='ocrx_word' id='word_1_148' title='bbox 839 1081 937 1119; x_wconf 82' lang='lat' dir='ltr'>fines</span> <span class='ocrx_word' id='word_1_149' title='bbox 972 1102 1012 1107; x_wconf 81' lang='grc'>-</span> <span class='ocrx_word' id='word_1_150' title='bbox 1049 1080 1086 1118; x_wconf 89' lang='lat' dir='ltr'>id</span> <span class='ocrx_word' id='word_1_151' title='bbox 1119 1080 1307 1132; x_wconf 71' lang='lat' dir='ltr'>Syphacis</span> <span class='ocrx_word' id='word_1_152' title='bbox 1336 1093 1501 1130; x_wconf 87' lang='lat' dir='ltr'>regnum</span> <span class='ocrx_word' id='word_1_153' title='bbox 1535 1087 1691 1120; x_wconf 88' lang='lat' dir='ltr'>erat—</span> 
     </span>
     <span class='ocr_line' id='line_1_19' title="bbox 265 1136 1692 1190; baseline 0.002 -17"><span class='ocrx_word' id='word_1_154' title='bbox 265 1142 439 1174; x_wconf 86' lang='lat' dir='ltr'>vastaret.</span> <span class='ocrx_word' id='word_1_155' title='bbox 482 1136 573 1174; x_wconf 86' lang='lat' dir='ltr'>inde</span> <span class='ocrx_word' id='word_1_156' title='bbox 606 1136 762 1175; x_wconf 79' lang='lat' dir='ltr'>inritato</span> <span class='ocrx_word' id='word_1_157' title='bbox 785 1137 829 1175; x_wconf 86' lang='lat' dir='ltr'>ad</span> <span class='ocrx_word' id='word_1_158' title='bbox 855 1137 999 1175; x_wconf 80' lang='lat' dir='ltr'>belluni</span> <span class='ocrx_word' id='word_1_159' title='bbox 1023 1136 1222 1188; x_wconf 85' lang='lat' dir='ltr'>Syphace,</span> <span class='ocrx_word' id='word_1_160' title='bbox 1255 1137 1356 1176; x_wconf 89' lang='lat' dir='ltr'>inter</span> <span class='ocrx_word' id='word_1_161' title='bbox 1377 1137 1518 1176; x_wconf 88' lang='lat' dir='ltr'>Cirtam</span> <span class='ocrx_word' id='word_1_162' title='bbox 1541 1138 1692 1190; x_wconf 90' lang='lat' dir='ltr'>Hippo-</span> 
     </span>
     <span class='ocr_line' id='line_1_20' title="bbox 266 1192 1690 1244; baseline 0.003 -14"><span class='ocrx_word' id='word_1_163' title='bbox 266 1205 434 1243; x_wconf 90' lang='lat' dir='ltr'>nemque</span> <span class='ocrx_word' id='word_1_164' title='bbox 470 1192 510 1230; x_wconf 90' lang='lat' dir='ltr'>in</span> <span class='ocrx_word' id='word_1_165' title='bbox 544 1193 644 1243; x_wconf 92' lang='lat' dir='ltr'>iugis</span> <span class='ocrx_word' id='word_1_166' title='bbox 680 1200 994 1244; x_wconf 90' lang='lat' dir='ltr'>opportunorum</span> <span class='ocrx_word' id='word_1_167' title='bbox 1033 1194 1078 1232; x_wconf 87' lang='lat' dir='ltr'>ad</span> <span class='ocrx_word' id='word_1_168' title='bbox 1115 1194 1245 1232; x_wconf 88' lang='lat' dir='ltr'>omnia</span> <span class='ocrx_word' id='word_1_169' title='bbox 1281 1194 1472 1233; x_wconf 84' lang='lat' dir='ltr'>montium</span> <span class='ocrx_word' id='word_1_170' title='bbox 1502 1195 1690 1234; x_wconf 87' lang='lat' dir='ltr'>consedit.</span> 
     </span>
    </p>
   </div>
   <div class='ocr_carea' id='block_1_6' title="bbox 232 1291 950 2600">
    <p class='ocr_par' dir='ltr' id='par_1_6' title="bbox 232 1291 946 1965">
     <span class='ocr_line' id='line_1_21' title="bbox 315 1291 943 1332; baseline 0.002 -8"><span class='ocrx_word' id='word_1_171' title='bbox 315 1293 365 1324; x_wconf 90' lang='lat'>10.</span> <span class='ocrx_word' id='word_1_172' title='bbox 391 1302 504 1323; x_wconf 75' lang='lat' dir='ltr'>vanus</span> <span class='ocrx_word' id='word_1_173' title='bbox 519 1296 622 1332; x_wconf 51' lang='lat' dir='ltr'>auct„</span> <span class='ocrx_word' id='word_1_174' title='bbox 641 1301 675 1324; x_wconf 87' lang='lat' dir='ltr'>er</span> <span class='ocrx_word' id='word_1_175' title='bbox 688 1291 813 1324; x_wconf 84' lang='lat' dir='ltr'>meldet</span> <span class='ocrx_word' id='word_1_176' title='bbox 827 1298 943 1332; x_wconf 82' lang='lat' dir='ltr'>etwas,</span> 
     </span>
     <span class='ocr_line' id='line_1_22' title="bbox 267 1336 943 1379; baseline 0.003 -11"><span class='ocrx_word' id='word_1_177' title='bbox 267 1346 336 1369; x_wconf 89' lang='lat' dir='ltr'>was</span> <span class='ocrx_word' id='word_1_178' title='bbox 351 1336 444 1369; x_wconf 87' lang='lat' dir='ltr'>nicht</span> <span class='ocrx_word' id='word_1_179' title='bbox 457 1341 539 1369; x_wconf 86' lang='lat' dir='ltr'>statt</span> <span class='ocrx_word' id='word_1_180' title='bbox 552 1337 719 1379; x_wconf 83' lang='lat' dir='ltr'>gesunden</span> <span class='ocrx_word' id='word_1_181' title='bbox 739 1337 842 1372; x_wconf 79' lang='lat' dir='ltr'>hatte,</span> <span class='ocrx_word' id='word_1_182' title='bbox 868 1337 943 1370; x_wconf 87' lang='lat' dir='ltr'>dem</span> 
     </span>
     <span class='ocr_line' id='line_1_23' title="bbox 266 1381 943 1425; baseline 0.001 -11"><span class='ocrx_word' id='word_1_183' title='bbox 266 1381 319 1415; x_wconf 90' lang='lat' dir='ltr'>die</span> <span class='ocrx_word' id='word_1_184' title='bbox 353 1382 589 1415; x_wconf 85' lang='lat' dir='ltr'>Wirklichkeit</span> <span class='ocrx_word' id='word_1_185' title='bbox 626 1382 717 1415; x_wconf 88' lang='lat' dir='ltr'>nicht</span> <span class='ocrx_word' id='word_1_186' title='bbox 754 1383 943 1425; x_wconf 84' lang='lat' dir='ltr'>entsprach,</span> 
     </span>
     <span class='ocr_line' id='line_1_24' title="bbox 266 1427 942 1470; baseline 0.001 -11"><span class='ocrx_word' id='word_1_187' title='bbox 266 1427 334 1470; x_wconf 85' lang='lat' dir='ltr'>vgl.</span> <span class='ocrx_word' id='word_1_188' title='bbox 363 1430 394 1467; x_wconf 84' lang='lat'>5,</span> <span class='ocrx_word' id='word_1_189' title='bbox 426 1430 452 1467; x_wconf 90' lang='lat'>1,</span> <span class='ocrx_word' id='word_1_190' title='bbox 481 1430 515 1464; x_wconf 83' lang='lat'>7;</span> <span class='ocrx_word' id='word_1_191' title='bbox 543 1430 573 1464; x_wconf 84' lang='lat'>6.</span> <span class='ocrx_word' id='word_1_192' title='bbox 601 1429 653 1468; x_wconf 84' lang='lat'>30,</span> <span class='ocrx_word' id='word_1_193' title='bbox 671 1431 757 1461; x_wconf 82' lang='lat'>4.-</span> <span class='ocrx_word' id='word_1_194' title='bbox 776 1429 942 1466; x_wconf 71' lang='lat' dir='ltr'>Ali-ica—</span> 
     </span>
     <span class='ocr_line' id='line_1_25' title="bbox 267 1471 944 1515; baseline 0 -11"><span class='ocrx_word' id='word_1_195' title='bbox 267 1473 367 1514; x_wconf 79' lang='lat' dir='ltr'>repl.,</span> <span class='ocrx_word' id='word_1_196' title='bbox 398 1471 455 1504; x_wconf 84' lang='lat' dir='ltr'>der</span> <span class='ocrx_word' id='word_1_197' title='bbox 480 1472 679 1505; x_wconf 76' lang='lat' dir='ltr'>Nachdruck</span> <span class='ocrx_word' id='word_1_198' title='bbox 707 1473 788 1515; x_wconf 87' lang='lat' dir='ltr'>liegt</span> <span class='ocrx_word' id='word_1_199' title='bbox 811 1474 870 1506; x_wconf 86' lang='lat' dir='ltr'>aus</span> <span class='ocrx_word' id='word_1_200' title='bbox 891 1484 944 1504; x_wconf 81' lang='lat' dir='ltr'>re-</span> 
     </span>
     <span class='ocr_line' id='line_1_26' title="bbox 266 1518 944 1559; baseline 0.003 -10"><span class='ocrx_word' id='word_1_201' title='bbox 266 1518 359 1559; x_wconf 82' lang='lat' dir='ltr'>pleta</span> <span class='ocrx_word' id='word_1_202' title='bbox 397 1518 512 1556; x_wconf 63' lang='lat' dir='ltr'>famti:</span> <span class='ocrx_word' id='word_1_203' title='bbox 553 1518 611 1550; x_wconf 87' lang='lat' dir='ltr'>der</span> <span class='ocrx_word' id='word_1_204' title='bbox 647 1518 829 1559; x_wconf 81' lang='lat' dir='ltr'>Umstand,</span> <span class='ocrx_word' id='word_1_205' title='bbox 867 1518 944 1551; x_wconf 88' lang='lat' dir='ltr'>dass</span> 
     </span>
     <span class='ocr_line' id='line_1_27' title="bbox 267 1562 944 1596; baseline 0.001 -1"><span class='ocrx_word' id='word_1_206' title='bbox 267 1563 326 1595; x_wconf 83' lang='lat' dir='ltr'>das</span> <span class='ocrx_word' id='word_1_207' title='bbox 374 1562 520 1595; x_wconf 84' lang='lat' dir='ltr'>Geriicht</span> <span class='ocrx_word' id='word_1_208' title='bbox 563 1563 666 1595; x_wconf 84' lang='lat' dir='ltr'>durch</span> <span class='ocrx_word' id='word_1_209' title='bbox 712 1563 821 1596; x_wconf 81' lang='lat' dir='ltr'>Africa</span> <span class='ocrx_word' id='word_1_210' title='bbox 870 1574 944 1596; x_wconf 83' lang='lat' dir='ltr'>ver-</span> 
     </span>
     <span class='ocr_line' id='line_1_28' title="bbox 267 1608 944 1652; baseline 0 -11"><span class='ocrx_word' id='word_1_211' title='bbox 267 1608 387 1641; x_wconf 86' lang='lat' dir='ltr'>breitet</span> <span class='ocrx_word' id='word_1_212' title='bbox 421 1619 505 1645; x_wconf 81' lang='lat' dir='ltr'>war,</span> <span class='ocrx_word' id='word_1_213' title='bbox 543 1608 595 1640; x_wconf 91' lang='lat' dir='ltr'>die</span> <span class='ocrx_word' id='word_1_214' title='bbox 631 1608 853 1652; x_wconf 82' lang='lat' dir='ltr'>Verbi-eitung</span> <span class='ocrx_word' id='word_1_215' title='bbox 885 1609 944 1641; x_wconf 89' lang='lat' dir='ltr'>des</span> 
     </span>
     <span class='ocr_line' id='line_1_29' title="bbox 268 1653 945 1696; baseline -0.001 -9"><span class='ocrx_word' id='word_1_216' title='bbox 268 1654 452 1687; x_wconf 74' lang='lat' dir='ltr'>Gerficlites</span> <span class='ocrx_word' id='word_1_217' title='bbox 487 1653 566 1686; x_wconf 79' lang='lat' dir='ltr'>iiber</span> <span class='ocrx_word' id='word_1_218' title='bbox 600 1664 683 1696; x_wconf 85' lang='lat' dir='ltr'>ganz</span> <span class='ocrx_word' id='word_1_219' title='bbox 716 1665 813 1694; x_wconf 89' lang='lat' dir='ltr'>usw.,</span> <span class='ocrx_word' id='word_1_220' title='bbox 846 1665 872 1687; x_wconf 90' lang='lat' dir='ltr'>s.</span> <span class='ocrx_word' id='word_1_221' title='bbox 904 1665 945 1686; x_wconf 92' lang='lat' dir='ltr'>zu</span> 
     </span>
     <span class='ocr_line' id='line_1_30' title="bbox 232 1700 946 1741; baseline -0.001 -9"><span class='ocrx_word' id='word_1_222' title='bbox 232 1720 236 1727; x_wconf 71' lang='grc'><strong><em>»</em></strong></span> <span class='ocrx_word' id='word_1_223' title='bbox 268 1701 322 1740; x_wconf 79' lang='grc'>21,</span> <span class='ocrx_word' id='word_1_224' title='bbox 353 1702 431 1739; x_wconf 83' lang='lat'>1‚5;</span> <span class='ocrx_word' id='word_1_225' title='bbox 458 1700 603 1739; x_wconf 74' lang='lat'>9,35,5.</span> <span class='ocrx_word' id='word_1_226' title='bbox 629 1704 728 1731; x_wconf 80' lang='lat' dir='ltr'>scula</span> <span class='ocrx_word' id='word_1_227' title='bbox 751 1700 946 1741; x_wconf 78' lang='lat' dir='ltr'>galeaeque</span> 
     </span>
     <span class='ocr_line' id='line_1_31' title="bbox 269 1745 945 1778; baseline 0 -2"><span class='ocrx_word' id='word_1_228' title='bbox 269 1747 394 1777; x_wconf 81' lang='lat' dir='ltr'>ictae—</span> <span class='ocrx_word' id='word_1_229' title='bbox 414 1745 697 1776; x_wconf 73' lang='lat' dir='ltr'>vulneraverant.</span> <span class='ocrx_word' id='word_1_230' title='bbox 728 1745 861 1778; x_wconf 84' lang='lat' dir='ltr'>Crevier</span> <span class='ocrx_word' id='word_1_231' title='bbox 876 1745 945 1777; x_wconf 90' lang='lat' dir='ltr'>will</span> 
     </span>
     <span class='ocr_line' id='line_1_32' title="bbox 268 1789 946 1832; baseline 0 -10"><span class='ocrx_word' id='word_1_232' title='bbox 268 1790 401 1832; x_wconf 73' lang='lat' dir='ltr'>repleta</span> <span class='ocrx_word' id='word_1_233' title='bbox 427 1789 611 1822; x_wconf 75' lang='lat' dir='ltr'>entsernen.</span> <span class='ocrx_word' id='word_1_234' title='bbox 631 1809 674 1813; x_wconf 87' lang='lat'>—</span> <span class='ocrx_word' id='word_1_235' title='bbox 697 1793 796 1822; x_wconf 78' lang='lat' dir='ltr'>varie</span> <span class='ocrx_word' id='word_1_236' title='bbox 821 1790 946 1829; x_wconf 58' lang='lat' dir='ltr'>adfer„</span> 
     </span>
     <span class='ocr_line' id='line_1_33' title="bbox 269 1836 943 1877; baseline -0.001 -9"><span class='ocrx_word' id='word_1_237' title='bbox 269 1845 295 1868; x_wconf 89' lang='lat' dir='ltr'>s.</span> <span class='ocrx_word' id='word_1_238' title='bbox 329 1837 383 1875; x_wconf 81' lang='lat'>45,</span> <span class='ocrx_word' id='word_1_239' title='bbox 417 1837 471 1874; x_wconf 89' lang='grc'>30,</span> <span class='ocrx_word' id='word_1_240' title='bbox 510 1838 540 1868; x_wconf 94' lang='lat' dir='ltr'>l:</span> <span class='ocrx_word' id='word_1_241' title='bbox 587 1836 671 1867; x_wconf 77' lang='lat' dir='ltr'>haec</span> <span class='ocrx_word' id='word_1_242' title='bbox 706 1839 943 1877; x_wconf 70' lang='lat' dir='ltr'>pronuntiata</span> 
     </span>
     <span class='ocr_line' id='line_1_34' title="bbox 269 1880 945 1921; baseline 0.004 -11"><span class='ocrx_word' id='word_1_243' title='bbox 269 1899 293 1902; x_wconf 84' lang='lat'><em>-</em></span> <span class='ocrx_word' id='word_1_244' title='bbox 327 1882 424 1911; x_wconf 75' lang='lat' dir='ltr'>varie</span> <span class='ocrx_word' id='word_1_245' title='bbox 457 1880 668 1918; x_wconf 73' lang='lat' dir='ltr'>adfecerunt</span> <span class='ocrx_word' id='word_1_246' title='bbox 700 1883 857 1920; x_wconf 42' lang='lat' dir='ltr'>animo&amp;</span> <span class='ocrx_word' id='word_1_247' title='bbox 892 1882 945 1921; x_wconf 89' lang='lat'>26,</span> 
     </span>
     <span class='ocr_line' id='line_1_35' title="bbox 274 1927 358 1965; baseline -0.024 -7"><span class='ocrx_word' id='word_1_248' title='bbox 274 1927 304 1965; x_wconf 78' lang='lat' dir='ltr'>S,</span> <span class='ocrx_word' id='word_1_249' title='bbox 332 1927 358 1957; x_wconf 88' lang='lat'>1.</span> 
     </span>
    </p>

    <p class='ocr_par' dir='ltr' id='par_1_7' title="bbox 268 1969 950 2600">
     <span class='ocr_line' id='line_1_36' title="bbox 318 1969 944 2009; baseline -0.002 -6"><span class='ocrx_word' id='word_1_250' title='bbox 318 1971 459 2003; x_wconf 89' lang='lat'>11—13.</span> <span class='ocrx_word' id='word_1_251' title='bbox 487 1969 695 2009; x_wconf 71' lang='lat' dir='ltr'>latrocinio,</span> <span class='ocrx_word' id='word_1_252' title='bbox 729 1969 787 2002; x_wconf 88' lang='lat' dir='ltr'>das</span> <span class='ocrx_word' id='word_1_253' title='bbox 820 1969 944 2002; x_wconf 87' lang='lat' dir='ltr'>Erbeu-</span> 
     </span>
     <span class='ocr_line' id='line_1_37' title="bbox 269 2014 944 2057; baseline 0 -9"><span class='ocrx_word' id='word_1_254' title='bbox 269 2018 351 2055; x_wconf 83' lang='lat' dir='ltr'>tete,</span> <span class='ocrx_word' id='word_1_255' title='bbox 380 2014 482 2047; x_wconf 85' lang='lat' dir='ltr'>durch</span> <span class='ocrx_word' id='word_1_256' title='bbox 509 2014 603 2047; x_wconf 85' lang='lat' dir='ltr'>Raub</span> <span class='ocrx_word' id='word_1_257' title='bbox 630 2015 798 2057; x_wconf 84' lang='lat' dir='ltr'>Erlangte,</span> <span class='ocrx_word' id='word_1_258' title='bbox 824 2015 944 2048; x_wconf 85' lang='lat' dir='ltr'>anders</span> 
     </span>
     <span class='ocr_line' id='line_1_38' title="bbox 270 2060 944 2103; baseline -0.003 -9"><span class='ocrx_word' id='word_1_259' title='bbox 270 2071 298 2094; x_wconf 91' lang='lat' dir='ltr'>c.</span> <span class='ocrx_word' id='word_1_260' title='bbox 325 2063 378 2101; x_wconf 84' lang='grc'>31,</span> <span class='ocrx_word' id='word_1_261' title='bbox 410 2062 457 2093; x_wconf 87' lang='grc'>10.</span> <span class='ocrx_word' id='word_1_262' title='bbox 497 2060 640 2103; x_wconf 85' lang='lat' dir='ltr'>Appian.</span> <span class='ocrx_word' id='word_1_263' title='bbox 666 2071 692 2092; x_wconf 88' lang='lat' dir='ltr'>c.</span> <span class='ocrx_word' id='word_1_264' title='bbox 725 2062 761 2093; x_wconf 86' lang='lat'>12</span> <span class='ocrx_word' id='word_1_265' title='bbox 792 2060 944 2092; x_wconf 73' lang='lat' dir='ltr'>erwiihnt</span> 
     </span>
     <span class='ocr_line' id='line_1_39' title="bbox 270 2105 946 2145; baseline -0.001 -7"><span class='ocrx_word' id='word_1_266' title='bbox 270 2105 435 2145; x_wconf 84' lang='lat' dir='ltr'>dasselbe,</span> <span class='ocrx_word' id='word_1_267' title='bbox 461 2105 540 2138; x_wconf 85' lang='lat' dir='ltr'>aber</span> <span class='ocrx_word' id='word_1_268' title='bbox 564 2105 624 2138; x_wconf 90' lang='lat' dir='ltr'>mit</span> <span class='ocrx_word' id='word_1_269' title='bbox 648 2105 791 2138; x_wconf 86' lang='lat' dir='ltr'>anderen</span> <span class='ocrx_word' id='word_1_270' title='bbox 816 2105 946 2138; x_wconf 88' lang='lat' dir='ltr'>Neben-</span> 
     </span>
     <span class='ocr_line' id='line_1_40' title="bbox 271 2150 945 2192; baseline 0.001 -9"><span class='ocrx_word' id='word_1_271' title='bbox 271 2150 482 2183; x_wconf 69' lang='lat' dir='ltr'>umstanden.</span> <span class='ocrx_word' id='word_1_272' title='bbox 508 2153 608 2182; x_wconf 78' lang='lat' dir='ltr'>nbi—</span> <span class='ocrx_word' id='word_1_273' title='bbox 626 2154 711 2190; x_wconf 75' lang='lat' dir='ltr'>visa,</span> <span class='ocrx_word' id='word_1_274' title='bbox 737 2161 762 2183; x_wconf 91' lang='lat' dir='ltr'>s.</span> <span class='ocrx_word' id='word_1_275' title='bbox 789 2152 863 2192; x_wconf 79' lang='lat'>§4;</span> <span class='ocrx_word' id='word_1_276' title='bbox 892 2152 945 2191; x_wconf 80' lang='lat'>27,</span> 
     </span>
     <span class='ocr_line' id='line_1_41' title="bbox 269 2195 946 2237; baseline 0 -9"><span class='ocrx_word' id='word_1_277' title='bbox 269 2199 300 2234; x_wconf 79' lang='lat'>5,</span> <span class='ocrx_word' id='word_1_278' title='bbox 326 2198 356 2229; x_wconf 90' lang='grc'>9.</span> <span class='ocrx_word' id='word_1_279' title='bbox 383 2215 424 2218; x_wconf 87' lang='grc'>-</span> <span class='ocrx_word' id='word_1_280' title='bbox 452 2196 575 2232; x_wconf 77' lang='lat' dir='ltr'>ducta,</span> <span class='ocrx_word' id='word_1_281' title='bbox 611 2195 664 2228; x_wconf 89' lang='lat' dir='ltr'>die</span> <span class='ocrx_word' id='word_1_282' title='bbox 691 2195 799 2228; x_wconf 83' lang='lat' dir='ltr'>Narbe</span> <span class='ocrx_word' id='word_1_283' title='bbox 830 2196 946 2237; x_wconf 90' lang='lat' dir='ltr'>(durch</span> 
     </span>
     <span class='ocr_line' id='line_1_42' title="bbox 268 2241 947 2283; baseline -0.001 -9"><span class='ocrx_word' id='word_1_284' title='bbox 268 2241 415 2283; x_wconf 85' lang='lat' dir='ltr'>Bildung</span> <span class='ocrx_word' id='word_1_285' title='bbox 441 2241 498 2274; x_wconf 90' lang='lat' dir='ltr'>der</span> <span class='ocrx_word' id='word_1_286' title='bbox 512 2241 620 2273; x_wconf 90' lang='lat' dir='ltr'>Narbe</span> <span class='ocrx_word' id='word_1_287' title='bbox 645 2241 698 2273; x_wconf 91' lang='lat' dir='ltr'>die</span> <span class='ocrx_word' id='word_1_288' title='bbox 714 2241 856 2280; x_wconf 79' lang='lat' dir='ltr'>Wunde)</span> <span class='ocrx_word' id='word_1_289' title='bbox 875 2241 947 2274; x_wconf 88' lang='lat' dir='ltr'>sich</span> 
     </span>
     <span class='ocr_line' id='line_1_43' title="bbox 270 2286 947 2329; baseline 0 -11"><span class='ocrx_word' id='word_1_290' title='bbox 270 2287 485 2329; x_wconf 83' lang='lat' dir='ltr'>geschlossen</span> <span class='ocrx_word' id='word_1_291' title='bbox 514 2286 622 2325; x_wconf 84' lang='lat' dir='ltr'>hatte,</span> <span class='ocrx_word' id='word_1_292' title='bbox 656 2291 750 2319; x_wconf 90' lang='lat' dir='ltr'>sonst</span> <span class='ocrx_word' id='word_1_293' title='bbox 781 2286 865 2319; x_wconf 88' lang='lat' dir='ltr'>auch</span> <span class='ocrx_word' id='word_1_294' title='bbox 895 2289 947 2318; x_wconf 82' lang='lat' dir='ltr'>in-</span> 
     </span>
     <span class='ocr_line' id='line_1_44' title="bbox 271 2331 946 2373; baseline 0.001 -9"><span class='ocrx_word' id='word_1_295' title='bbox 271 2332 408 2373; x_wconf 82' lang='lat' dir='ltr'>ducere,</span> <span class='ocrx_word' id='word_1_296' title='bbox 422 2331 602 2363; x_wconf 78' lang='lat' dir='ltr'>obducere.</span> <span class='ocrx_word' id='word_1_297' title='bbox 616 2350 660 2355; x_wconf 88' lang='lat'><strong>—</strong></span> <span class='ocrx_word' id='word_1_298' title='bbox 673 2334 761 2372; x_wconf 84' lang='lat' dir='ltr'>pati,</span> <span class='ocrx_word' id='word_1_299' title='bbox 778 2334 832 2372; x_wconf 81' lang='lat'>27,</span> <span class='ocrx_word' id='word_1_300' title='bbox 848 2334 901 2371; x_wconf 83' lang='lat'>29,</span> <span class='ocrx_word' id='word_1_301' title='bbox 915 2333 946 2365; x_wconf 87' lang='lat'>2.</span> 
     </span>
     <span class='ocr_line' id='line_1_45' title="bbox 270 2376 950 2419; baseline 0.001 -11"><span class='ocrx_word' id='word_1_302' title='bbox 270 2396 307 2401; x_wconf 85' lang='lat'><em>-</em></span> <span class='ocrx_word' id='word_1_303' title='bbox 321 2378 394 2419; x_wconf 85' lang='lat' dir='ltr'>pal.</span> <span class='ocrx_word' id='word_1_304' title='bbox 406 2396 428 2400; x_wconf 94' lang='lat'>-—</span> <span class='ocrx_word' id='word_1_305' title='bbox 446 2376 525 2416; x_wconf 62' lang='lat' dir='ltr'>feru,</span> <span class='ocrx_word' id='word_1_306' title='bbox 539 2386 554 2409; x_wconf 91' lang='lat' dir='ltr'>s</span> <span class='ocrx_word' id='word_1_307' title='bbox 576 2378 692 2418; x_wconf 79' lang='lat'>24‚3·2,</span> <span class='ocrx_word' id='word_1_308' title='bbox 705 2379 739 2409; x_wconf 87' lang='lat'>1:</span> <span class='ocrx_word' id='word_1_309' title='bbox 756 2377 854 2408; x_wconf 77' lang='lat' dir='ltr'>haud</span> <span class='ocrx_word' id='word_1_310' title='bbox 867 2379 950 2409; x_wconf 78' lang='lat' dir='ltr'>vani</span> 
     </span>
     <span class='ocr_line' id='line_1_46' title="bbox 271 2422 946 2463; baseline 0.003 -10"><span class='ocrx_word' id='word_1_311' title='bbox 271 2422 412 2463; x_wconf 83' lang='lat' dir='ltr'>quidam</span> <span class='ocrx_word' id='word_1_312' title='bbox 427 2423 583 2453; x_wconf 76' lang='lat' dir='ltr'>homines</span> <span class='ocrx_word' id='word_1_313' title='bbox 606 2422 725 2463; x_wconf 78' lang='lat' dir='ltr'>polam</span> <span class='ocrx_word' id='word_1_314' title='bbox 751 2422 867 2461; x_wconf 51' lang='lat' dir='ltr'>fer-7¹&amp;</span> <span class='ocrx_word' id='word_1_315' title='bbox 893 2424 946 2463; x_wconf 89' lang='lat'>22,</span> 
     </span>
     <span class='ocr_line' id='line_1_47' title="bbox 270 2466 947 2509; baseline 0.001 -10"><span class='ocrx_word' id='word_1_316' title='bbox 270 2469 324 2508; x_wconf 86' lang='lat'>29,</span> <span class='ocrx_word' id='word_1_317' title='bbox 340 2469 374 2500; x_wconf 83' lang='lat'>6:</span> <span class='ocrx_word' id='word_1_318' title='bbox 402 2466 572 2499; x_wconf 78' lang='lat' dir='ltr'>offentlich</span> <span class='ocrx_word' id='word_1_319' title='bbox 588 2466 678 2499; x_wconf 87' lang='lat' dir='ltr'>kund</span> <span class='ocrx_word' id='word_1_320' title='bbox 693 2467 768 2509; x_wconf 87' lang='lat' dir='ltr'>gab,</span> <span class='ocrx_word' id='word_1_321' title='bbox 792 2466 947 2500; x_wconf 69' lang='lat' dir='ltr'>erklarte.</span> 
     </span>
     <span class='ocr_line' id='line_1_48' title="bbox 271 2511 945 2555; baseline 0.003 -13"><span class='ocrx_word' id='word_1_322' title='bbox 271 2514 392 2549; x_wconf 81' lang='lat' dir='ltr'>favore</span> <span class='ocrx_word' id='word_1_323' title='bbox 417 2531 443 2534; x_wconf 98' lang='lat'><strong>—</strong></span> <span class='ocrx_word' id='word_1_324' title='bbox 467 2512 622 2553; x_wconf 79' lang='lat' dir='ltr'>gaudio,</span> <span class='ocrx_word' id='word_1_325' title='bbox 661 2511 732 2549; x_wconf 77' lang='lat' dir='ltr'>bei,</span> <span class='ocrx_word' id='word_1_326' title='bbox 767 2512 799 2544; x_wconf 91' lang='lat' dir='ltr'>in</span> <span class='ocrx_word' id='word_1_327' title='bbox 826 2512 945 2555; x_wconf 80' lang='lat' dir='ltr'>Folge;</span> 
     </span>
     <span class='ocr_line' id='line_1_49' title="bbox 270 2555 948 2600; baseline 0.003 -12"><span class='ocrx_word' id='word_1_328' title='bbox 270 2555 352 2589; x_wconf 86' lang='lat' dir='ltr'>Mas.</span> <span class='ocrx_word' id='word_1_329' title='bbox 373 2556 436 2589; x_wconf 89' lang='lat' dir='ltr'>soll</span> <span class='ocrx_word' id='word_1_330' title='bbox 451 2557 500 2589; x_wconf 85' lang='lat' dir='ltr'>als</span> <span class='ocrx_word' id='word_1_331' title='bbox 513 2557 662 2590; x_wconf 82' lang='lat' dir='ltr'>Urheher</span> <span class='ocrx_word' id='word_1_332' title='bbox 682 2556 739 2589; x_wconf 86' lang='lat' dir='ltr'>der</span> <span class='ocrx_word' id='word_1_333' title='bbox 752 2557 948 2600; x_wconf 86' lang='lat' dir='ltr'>Bewegung</span> 
     </span>
    </p>
   </div>
   <div class='ocr_carea' id='block_1_7' title="bbox 1012 1292 1709 2599">
    <p class='ocr_par' dir='ltr' id='par_1_8' title="bbox 1012 1292 1691 1370">
     <span class='ocr_line' id='line_1_50' title="bbox 1012 1292 1691 1336; baseline 0.004 -12"><span class='ocrx_word' id='word_1_334' title='bbox 1012 1292 1210 1325; x_wconf 85' lang='lat' dir='ltr'>bezeichnet</span> <span class='ocrx_word' id='word_1_335' title='bbox 1235 1292 1301 1325; x_wconf 91' lang='lat' dir='ltr'>und</span> <span class='ocrx_word' id='word_1_336' title='bbox 1314 1292 1591 1336; x_wconf 76' lang='lat' dir='ltr'>hervorgehoben</span> <span class='ocrx_word' id='word_1_337' title='bbox 1605 1304 1691 1327; x_wconf 77' lang='lat' dir='ltr'>wer-</span> 
     </span>
     <span class='ocr_line' id='line_1_51' title="bbox 1012 1337 1087 1370; baseline -0.013 0"><span class='ocrx_word' id='word_1_338' title='bbox 1012 1337 1087 1370; x_wconf 88' lang='lat' dir='ltr'>den.</span> 
     </span>
    </p>

    <p class='ocr_par' dir='ltr' id='par_1_9' title="bbox 1013 1383 1709 2599">
     <span class='ocr_line' id='line_1_52' title="bbox 1062 1383 1690 1424; baseline 0.002 -9"><span class='ocrx_word' id='word_1_339' title='bbox 1062 1385 1111 1416; x_wconf 81' lang='lat'>14.</span> <span class='ocrx_word' id='word_1_340' title='bbox 1138 1385 1252 1415; x_wconf 73' lang='lat' dir='ltr'>sorios</span> <span class='ocrx_word' id='word_1_341' title='bbox 1284 1394 1375 1424; x_wconf 60' lang='lat' dir='ltr'>pop„</span> <span class='ocrx_word' id='word_1_342' title='bbox 1411 1383 1690 1416; x_wconf 87' lang='lat' dir='ltr'>wahrscheinlich</span> 
     </span>
     <span class='ocr_line' id='line_1_53' title="bbox 1013 1427 1690 1470; baseline 0 -10"><span class='ocrx_word' id='word_1_343' title='bbox 1013 1428 1230 1470; x_wconf 60' lang='lat' dir='ltr'>phenicische</span> <span class='ocrx_word' id='word_1_344' title='bbox 1271 1427 1387 1461; x_wconf 73' lang='lat' dir='ltr'>Stadte</span> <span class='ocrx_word' id='word_1_345' title='bbox 1431 1429 1462 1460; x_wconf 92' lang='lat' dir='ltr'>in</span> <span class='ocrx_word' id='word_1_346' title='bbox 1501 1428 1690 1470; x_wconf 80' lang='lat' dir='ltr'>Numidico,</span> 
     </span>
     <span class='ocr_line' id='line_1_54' title="bbox 1013 1473 1691 1517; baseline 0.001 -12"><span class='ocrx_word' id='word_1_347' title='bbox 1013 1473 1093 1506; x_wconf 89' lang='lat' dir='ltr'>oder</span> <span class='ocrx_word' id='word_1_348' title='bbox 1120 1473 1327 1506; x_wconf 88' lang='lat' dir='ltr'>numidische</span> <span class='ocrx_word' id='word_1_349' title='bbox 1354 1473 1542 1517; x_wconf 84' lang='lat' dir='ltr'>Dynasten‚</span> <span class='ocrx_word' id='word_1_350' title='bbox 1572 1473 1625 1506; x_wconf 89' lang='lat' dir='ltr'>die</span> <span class='ocrx_word' id='word_1_351' title='bbox 1649 1484 1691 1507; x_wconf 91' lang='lat' dir='ltr'>zu</span> 
     </span>
     <span class='ocr_line' id='line_1_55' title="bbox 1014 1518 1690 1561; baseline 0.003 -11"><span class='ocrx_word' id='word_1_352' title='bbox 1014 1518 1180 1561; x_wconf 85' lang='lat' dir='ltr'>Carthago</span> <span class='ocrx_word' id='word_1_353' title='bbox 1207 1519 1329 1557; x_wconf 89' lang='lat' dir='ltr'>halten</span> <span class='ocrx_word' id='word_1_354' title='bbox 1355 1529 1381 1552; x_wconf 90' lang='lat' dir='ltr'>s.</span> <span class='ocrx_word' id='word_1_355' title='bbox 1407 1530 1434 1552; x_wconf 90' lang='lat' dir='ltr'>c</span> <span class='ocrx_word' id='word_1_356' title='bbox 1460 1521 1492 1559; x_wconf 88' lang='lat'>4,</span> <span class='ocrx_word' id='word_1_357' title='bbox 1518 1521 1548 1552; x_wconf 83' lang='lat'>4.</span> <span class='ocrx_word' id='word_1_358' title='bbox 1573 1538 1618 1542; x_wconf 86' lang='lat'>-—</span> <span class='ocrx_word' id='word_1_359' title='bbox 1650 1519 1690 1551; x_wconf 70' lang='lat' dir='ltr'>id</span> 
     </span>
     <span class='ocr_line' id='line_1_56' title="bbox 1015 1563 1690 1606; baseline 0.001 -9"><span class='ocrx_word' id='word_1_360' title='bbox 1015 1564 1462 1606; x_wconf 70' lang='lat' dir='ltr'>Sypl1.etc.‚s.28,1&#39;s,4</span> <span class='ocrx_word' id='word_1_361' title='bbox 1488 1564 1556 1606; x_wconf 87' lang='lat' dir='ltr'>vgl</span> <span class='ocrx_word' id='word_1_362' title='bbox 1569 1563 1690 1598; x_wconf 88' lang='lat' dir='ltr'>Strabo</span> 
     </span>
     <span class='ocr_line' id='line_1_57' title="bbox 1020 1605 1709 1660; baseline 0.001 -18"><span class='ocrx_word' id='word_1_363' title='bbox 1020 1612 1070 1651; x_wconf 76' lang='lat'>17,</span> <span class='ocrx_word' id='word_1_364' title='bbox 1090 1611 1120 1648; x_wconf 88' lang='grc'>3,</span> <span class='ocrx_word' id='word_1_365' title='bbox 1138 1611 1157 1643; x_wconf 88' lang='grc'>9</span> <span class='ocrx_word' id='word_1_366' title='bbox 1185 1620 1215 1651; x_wconf 89' lang='lat' dir='ltr'>p.</span> <span class='ocrx_word' id='word_1_367' title='bbox 1235 1611 1318 1643; x_wconf 82' lang='lat'>829:</span> <span class='ocrx_word' id='word_1_368' title='bbox 1344 1608 1433 1660; x_wconf 79' lang='grc' dir='ltr'><em>μετὰ</em></span> <span class='ocrx_word' id='word_1_369' title='bbox 1461 1605 1500 1641; x_wconf 79' lang='grc' dir='ltr'>δὲ</span> <span class='ocrx_word' id='word_1_370' title='bbox 1523 1606 1590 1650; x_wconf 82' lang='grc' dir='ltr'>τὴν</span> <span class='ocrx_word' id='word_1_371' title='bbox 1612 1610 1709 1643; x_wconf 16' lang='grc' dir='ltr'>τῶν,</span> 
     </span>
     <span class='ocr_line' id='line_1_58' title="bbox 1016 1650 1691 1708; baseline -0.002 -21"><span class='ocrx_word' id='word_1_372' title='bbox 1016 1657 1260 1699; x_wconf 75' lang='grc' dir='ltr'><strong><em>Μἀυροῑσίων</em></strong></span> <span class='ocrx_word' id='word_1_373' title='bbox 1289 1667 1356 1708; x_wconf 79' lang='lat' dir='ltr'>yrv</span> <span class='ocrx_word' id='word_1_374' title='bbox 1386 1650 1406 1695; x_wconf 83' lang='grc' dir='ltr'><em>ἦ</em></span> <span class='ocrx_word' id='word_1_375' title='bbox 1438 1655 1517 1687; x_wconf 79' lang='grc' dir='ltr'>τῶν</span> <span class='ocrx_word' id='word_1_376' title='bbox 1549 1657 1691 1687; x_wconf 87' lang='grc' dir='ltr'><strong><em>Μασαι-</em></strong></span> 
     </span>
     <span class='ocr_line' id='line_1_59' title="bbox 1015 1685 1694 1741; baseline 0.001 -9"><span class='ocrx_word' id='word_1_377' title='bbox 1015 1685 1150 1733; x_wconf 66' lang='grc' dir='ltr'><strong><em>σῑλίων</em></strong></span> <span class='ocrx_word' id='word_1_378' title='bbox 1178 1701 1296 1739; x_wconf 80' lang='grc' dir='ltr'>ἐστιί,</span> <span class='ocrx_word' id='word_1_379' title='bbox 1328 1696 1398 1732; x_wconf 81' lang='grc' dir='ltr'>ἀπὸ</span> <span class='ocrx_word' id='word_1_380' title='bbox 1424 1699 1485 1732; x_wconf 79' lang='grc' dir='ltr'>τσῦ</span> <span class='ocrx_word' id='word_1_381' title='bbox 1513 1697 1694 1741; x_wconf 57' lang='lat' dir='ltr'>Mataza&amp;</span> 
     </span>
     <span class='ocr_line' id='line_1_60' title="bbox 1015 1744 1692 1788; baseline 0 -11"><span class='ocrx_word' id='word_1_382' title='bbox 1015 1746 1054 1787; x_wconf 90' lang='lat' dir='ltr'>(j.</span> <span class='ocrx_word' id='word_1_383' title='bbox 1081 1745 1201 1777; x_wconf 64' lang='lat' dir='ltr'>Malxia</span> <span class='ocrx_word' id='word_1_384' title='bbox 1234 1745 1315 1777; x_wconf 83' lang='lat' dir='ltr'>oder</span> <span class='ocrx_word' id='word_1_385' title='bbox 1344 1744 1494 1788; x_wconf 86' lang='lat' dir='ltr'>Moluga)</span> <span class='ocrx_word' id='word_1_386' title='bbox 1527 1746 1692 1787; x_wconf 83' lang='grc' dir='ltr'><em>ποταμοῦ</em></span> 
     </span>
     <span class='ocr_line' id='line_1_61' title="bbox 1014 1787 1695 1846; baseline -0.001 -23"><span class='ocrx_word' id='word_1_387' title='bbox 1014 1789 1081 1832; x_wconf 73' lang='grc' dir='ltr'>τὴν</span> <span class='ocrx_word' id='word_1_388' title='bbox 1087 1787 1208 1846; x_wconf 60' lang='lat' dir='ltr'>ci9ffjv</span> <span class='ocrx_word' id='word_1_389' title='bbox 1225 1787 1342 1841; x_wconf 54' lang='lat' dir='ltr'>tapes}</span> <span class='ocrx_word' id='word_1_390' title='bbox 1348 1801 1471 1830; x_wconf 73' lang='grc' dir='ltr'>νουσα,</span> <span class='ocrx_word' id='word_1_391' title='bbox 1487 1788 1695 1822; x_wconf 77' lang='grc' dir='ltr'><strong><em>τελευτῶσα</em></strong></span> 
     </span>
     <span class='ocr_line' id='line_1_62' title="bbox 1015 1831 1694 1881; baseline -0.003 -13"><span class='ocrx_word' id='word_1_392' title='bbox 1015 1833 1054 1868; x_wconf 79' lang='grc' dir='ltr'>δὲ</span> <span class='ocrx_word' id='word_1_393' title='bbox 1079 1837 1138 1868; x_wconf 79' lang='grc' dir='ltr'>ἐπὶ</span> <span class='ocrx_word' id='word_1_394' title='bbox 1162 1849 1229 1876; x_wconf 73' lang='grc' dir='ltr'>τνν</span> <span class='ocrx_word' id='word_1_395' title='bbox 1246 1833 1369 1878; x_wconf 75' lang='grc' dir='ltr'>ἄκραν,</span> <span class='ocrx_word' id='word_1_396' title='bbox 1395 1831 1589 1876; x_wconf 76' lang='grc' dir='ltr'><em>ἣκαλεῖται</em></span> <span class='ocrx_word' id='word_1_397' title='bbox 1608 1837 1694 1881; x_wconf 71' lang='grc' dir='ltr'><em>Τρη-</em></span> 
     </span>
     <span class='ocr_line' id='line_1_63' title="bbox 1014 1877 1694 1924; baseline 0 -12"><span class='ocrx_word' id='word_1_398' title='bbox 1014 1878 1089 1919; x_wconf 64' lang='grc' dir='ltr'>τότ,</span> <span class='ocrx_word' id='word_1_399' title='bbox 1109 1892 1207 1924; x_wconf 78' lang='grc' dir='ltr'><em>οριον</em></span> <span class='ocrx_word' id='word_1_400' title='bbox 1224 1881 1285 1920; x_wconf 70' lang='grc' dir='ltr'>τῆς</span> <span class='ocrx_word' id='word_1_401' title='bbox 1297 1892 1336 1912; x_wconf 89' lang='grc' dir='ltr'>τε</span> <span class='ocrx_word' id='word_1_402' title='bbox 1350 1877 1614 1912; x_wconf 74' lang='grc' dir='ltr'><strong><em>Μασαισυλίων</em></strong></span> <span class='ocrx_word' id='word_1_403' title='bbox 1632 1883 1694 1912; x_wconf 76' lang='grc' dir='ltr'>καὶ</span> 
     </span>
     <span class='ocr_line' id='line_1_64' title="bbox 1013 1910 1693 1970; baseline 0 -12"><span class='ocrx_word' id='word_1_404' title='bbox 1013 1925 1074 1966; x_wconf 73' lang='grc' dir='ltr'>τῆς</span> <span class='ocrx_word' id='word_1_405' title='bbox 1087 1910 1288 1958; x_wconf 72' lang='grc' dir='ltr'><em>Μασι-’λιων</em></span> <span class='ocrx_word' id='word_1_406' title='bbox 1311 1925 1382 1970; x_wconf 72' lang='grc' dir='ltr'>γῆς.</span> <span class='ocrx_word' id='word_1_407' title='bbox 1374 1924 1599 1963; x_wconf 80' lang='grc' dir='ltr'>.’,-οινιαπι</span> <span class='ocrx_word' id='word_1_408' title='bbox 1624 1936 1693 1958; x_wconf 84' lang='lat' dir='ltr'>von</span> 
     </span>
     <span class='ocr_line' id='line_1_65' title="bbox 1014 1969 1696 2013; baseline 0.001 -11"><span class='ocrx_word' id='word_1_409' title='bbox 1014 1970 1075 2002; x_wconf 87' lang='lat' dir='ltr'>den</span> <span class='ocrx_word' id='word_1_410' title='bbox 1105 1970 1302 2002; x_wconf 76' lang='lat' dir='ltr'>Plioniciern</span> <span class='ocrx_word' id='word_1_411' title='bbox 1328 1969 1536 2013; x_wconf 83' lang='lat' dir='ltr'>gegriindet,</span> <span class='ocrx_word' id='word_1_412' title='bbox 1564 1970 1696 2003; x_wconf 82' lang='lat' dir='ltr'>worauf</span> 
     </span>
     <span class='ocr_line' id='line_1_66' title="bbox 1014 2014 1692 2058; baseline 0.003 -11"><span class='ocrx_word' id='word_1_413' title='bbox 1014 2015 1096 2048; x_wconf 88' lang='lat' dir='ltr'>auch</span> <span class='ocrx_word' id='word_1_414' title='bbox 1123 2014 1180 2047; x_wconf 90' lang='lat' dir='ltr'>der</span> <span class='ocrx_word' id='word_1_415' title='bbox 1206 2015 1310 2048; x_wconf 80' lang='lat' dir='ltr'>Name</span> <span class='ocrx_word' id='word_1_416' title='bbox 1337 2019 1424 2055; x_wconf 79' lang='lat' dir='ltr'>cart,</span> <span class='ocrx_word' id='word_1_417' title='bbox 1451 2025 1475 2048; x_wconf 91' lang='lat' dir='ltr'>s.</span> <span class='ocrx_word' id='word_1_418' title='bbox 1503 2016 1556 2054; x_wconf 85' lang='lat'>28,</span> <span class='ocrx_word' id='word_1_419' title='bbox 1585 2017 1638 2057; x_wconf 90' lang='grc'>30,</span> <span class='ocrx_word' id='word_1_420' title='bbox 1659 2018 1692 2058; x_wconf 92' lang='grc'>3,</span> 
     </span>
     <span class='ocr_line' id='line_1_67' title="bbox 1015 2060 1692 2099; baseline 0 -6"><span class='ocrx_word' id='word_1_421' title='bbox 1015 2060 1189 2099; x_wconf 85' lang='lat' dir='ltr'>hinweist,</span> <span class='ocrx_word' id='word_1_422' title='bbox 1220 2060 1306 2092; x_wconf 88' lang='lat' dir='ltr'>dann</span> <span class='ocrx_word' id='word_1_423' title='bbox 1333 2060 1395 2093; x_wconf 90' lang='lat' dir='ltr'>den</span> <span class='ocrx_word' id='word_1_424' title='bbox 1422 2060 1605 2093; x_wconf 85' lang='lat' dir='ltr'>Numidern</span> <span class='ocrx_word' id='word_1_425' title='bbox 1631 2071 1692 2093; x_wconf 92' lang='lat' dir='ltr'>un-</span> 
     </span>
     <span class='ocr_line' id='line_1_68' title="bbox 1015 2105 1692 2148; baseline 0.001 -11"><span class='ocrx_word' id='word_1_426' title='bbox 1015 2105 1211 2143; x_wconf 81' lang='lat' dir='ltr'>terworsen;</span> <span class='ocrx_word' id='word_1_427' title='bbox 1250 2108 1363 2148; x_wconf 77' lang='lat' dir='ltr'>spater</span> <span class='ocrx_word' id='word_1_428' title='bbox 1395 2116 1461 2138; x_wconf 86' lang='lat' dir='ltr'>von</span> <span class='ocrx_word' id='word_1_429' title='bbox 1495 2105 1692 2138; x_wconf 76' lang='lat' dir='ltr'>Constantia</span> 
     </span>
     <span class='ocr_line' id='line_1_69' title="bbox 1016 2150 1693 2192; baseline 0.003 -10"><span class='ocrx_word' id='word_1_430' title='bbox 1016 2151 1046 2184; x_wconf 89' lang='lat' dir='ltr'>d.</span> <span class='ocrx_word' id='word_1_431' title='bbox 1066 2150 1117 2183; x_wconf 89' lang='lat' dir='ltr'>Gr.</span> <span class='ocrx_word' id='word_1_432' title='bbox 1144 2150 1351 2192; x_wconf 81' lang='lat' dir='ltr'>hergestellt‚</span> <span class='ocrx_word' id='word_1_433' title='bbox 1376 2150 1477 2183; x_wconf 87' lang='lat' dir='ltr'>daher</span> <span class='ocrx_word' id='word_1_434' title='bbox 1495 2151 1584 2192; x_wconf 83' lang='lat' dir='ltr'>jetzt</span> <span class='ocrx_word' id='word_1_435' title='bbox 1607 2150 1693 2184; x_wconf 91' lang='lat' dir='ltr'>Con-</span> 
     </span>
     <span class='ocr_line' id='line_1_70' title="bbox 1016 2195 1694 2238; baseline 0.003 -11"><span class='ocrx_word' id='word_1_436' title='bbox 1016 2196 1178 2235; x_wconf 86' lang='lat' dir='ltr'>stantine,</span> <span class='ocrx_word' id='word_1_437' title='bbox 1211 2198 1262 2235; x_wconf 87' lang='lat'>30,</span> <span class='ocrx_word' id='word_1_438' title='bbox 1300 2197 1349 2237; x_wconf 87' lang='lat'>12,</span> <span class='ocrx_word' id='word_1_439' title='bbox 1380 2198 1416 2229; x_wconf 87' lang='lat'>3:</span> <span class='ocrx_word' id='word_1_440' title='bbox 1453 2195 1550 2228; x_wconf 79' lang='lat' dir='ltr'>Cirta</span> <span class='ocrx_word' id='word_1_441' title='bbox 1585 2199 1694 2238; x_wconf 76' lang='lat' dir='ltr'>caput</span> 
     </span>
     <span class='ocr_line' id='line_1_71' title="bbox 1017 2240 1691 2283; baseline 0.001 -10"><span class='ocrx_word' id='word_1_442' title='bbox 1017 2243 1120 2282; x_wconf 79' lang='lat' dir='ltr'>regni</span> <span class='ocrx_word' id='word_1_443' title='bbox 1144 2240 1318 2283; x_wconf 77' lang='lat' dir='ltr'>Syphacis</span> <span class='ocrx_word' id='word_1_444' title='bbox 1347 2244 1446 2279; x_wconf 79' lang='lat' dir='ltr'>e1·al,·</span> <span class='ocrx_word' id='word_1_445' title='bbox 1479 2241 1522 2274; x_wconf 90' lang='lat' dir='ltr'>ib.</span> <span class='ocrx_word' id='word_1_446' title='bbox 1556 2243 1611 2283; x_wconf 81' lang='lat'>44,</span> <span class='ocrx_word' id='word_1_447' title='bbox 1640 2243 1691 2274; x_wconf 84' lang='lat'>12.</span> 
     </span>
     <span class='ocr_line' id='line_1_72' title="bbox 1016 2285 1688 2328; baseline 0.003 -10"><span class='ocrx_word' id='word_1_448' title='bbox 1016 2305 1059 2310; x_wconf 89' lang='lat'>——-</span> <span class='ocrx_word' id='word_1_449' title='bbox 1085 2286 1234 2328; x_wconf 70' lang='lat' dir='ltr'>Hippon.</span> <span class='ocrx_word' id='word_1_450' title='bbox 1261 2297 1292 2318; x_wconf 88' lang='lat' dir='ltr'>n.</span> <span class='ocrx_word' id='word_1_451' title='bbox 1319 2285 1477 2328; x_wconf 74' lang='lat' dir='ltr'>Regium,</span> <span class='ocrx_word' id='word_1_452' title='bbox 1503 2296 1527 2319; x_wconf 93' lang='lat' dir='ltr'>s.</span> <span class='ocrx_word' id='word_1_453' title='bbox 1555 2297 1583 2319; x_wconf 89' lang='lat' dir='ltr'>c.</span> <span class='ocrx_word' id='word_1_454' title='bbox 1610 2288 1640 2327; x_wconf 89' lang='lat'>3,</span> <span class='ocrx_word' id='word_1_455' title='bbox 1657 2288 1688 2320; x_wconf 88' lang='lat'>7.</span> 
     </span>
     <span class='ocr_line' id='line_1_73' title="bbox 1017 2330 1691 2374; baseline 0.001 -11"><span class='ocrx_word' id='word_1_456' title='bbox 1017 2331 1075 2363; x_wconf 89' lang='lat' dir='ltr'>Die</span> <span class='ocrx_word' id='word_1_457' title='bbox 1111 2331 1320 2374; x_wconf 81' lang='lat' dir='ltr'>Entsernung</span> <span class='ocrx_word' id='word_1_458' title='bbox 1359 2330 1526 2364; x_wconf 87' lang='lat' dir='ltr'>zwischen</span> <span class='ocrx_word' id='word_1_459' title='bbox 1570 2331 1691 2364; x_wconf 86' lang='lat' dir='ltr'>beiden</span> 
     </span>
     <span class='ocr_line' id='line_1_74' title="bbox 1017 2375 1692 2410; baseline -0.001 -1"><span class='ocrx_word' id='word_1_460' title='bbox 1017 2376 1154 2410; x_wconf 73' lang='lat' dir='ltr'>Stadten</span> <span class='ocrx_word' id='word_1_461' title='bbox 1192 2377 1236 2409; x_wconf 86' lang='lat' dir='ltr'>ist</span> <span class='ocrx_word' id='word_1_462' title='bbox 1272 2376 1350 2409; x_wconf 87' lang='lat' dir='ltr'>sehr</span> <span class='ocrx_word' id='word_1_463' title='bbox 1385 2375 1613 2409; x_wconf 66' lang='lat' dir='ltr'>betrachtlich.</span> <span class='ocrx_word' id='word_1_464' title='bbox 1646 2395 1692 2400; x_wconf 93' lang='lat'><strong>—</strong></span> 
     </span>
     <span class='ocr_line' id='line_1_75' title="bbox 1018 2421 1691 2464; baseline 0 -11"><span class='ocrx_word' id='word_1_465' title='bbox 1018 2423 1111 2463; x_wconf 79' lang='lat' dir='ltr'>iugis</span> <span class='ocrx_word' id='word_1_466' title='bbox 1124 2427 1244 2462; x_wconf 65' lang='lat' dir='ltr'>mone„</span> <span class='ocrx_word' id='word_1_467' title='bbox 1259 2421 1450 2464; x_wconf 87' lang='lat' dir='ltr'>Bergkette,</span> <span class='ocrx_word' id='word_1_468' title='bbox 1465 2421 1691 2454; x_wconf 84' lang='lat' dir='ltr'>wahrschein-</span> 
     </span>
     <span class='ocr_line' id='line_1_76' title="bbox 1016 2465 1692 2500; baseline 0.003 -2"><span class='ocrx_word' id='word_1_469' title='bbox 1016 2466 1081 2499; x_wconf 89' lang='lat' dir='ltr'>lich</span> <span class='ocrx_word' id='word_1_470' title='bbox 1114 2467 1167 2499; x_wconf 88' lang='lat' dir='ltr'>ein</span> <span class='ocrx_word' id='word_1_471' title='bbox 1201 2467 1378 2500; x_wconf 74' lang='lat' dir='ltr'>Auslauser</span> <span class='ocrx_word' id='word_1_472' title='bbox 1418 2466 1477 2500; x_wconf 89' lang='lat' dir='ltr'>des</span> <span class='ocrx_word' id='word_1_473' title='bbox 1507 2465 1692 2500; x_wconf 85' lang='lat' dir='ltr'>Thambes-</span> 
     </span>
     <span class='ocr_line' id='line_1_77' title="bbox 1016 2511 1691 2555; baseline 0 -11"><span class='ocrx_word' id='word_1_474' title='bbox 1016 2511 1194 2555; x_wconf 85' lang='lat' dir='ltr'>Gebirges,</span> <span class='ocrx_word' id='word_1_475' title='bbox 1229 2523 1254 2545; x_wconf 91' lang='lat' dir='ltr'>s.</span> <span class='ocrx_word' id='word_1_476' title='bbox 1287 2522 1315 2545; x_wconf 92' lang='lat' dir='ltr'>c.</span> <span class='ocrx_word' id='word_1_477' title='bbox 1342 2515 1396 2553; x_wconf 89' lang='grc'>31,</span> <span class='ocrx_word' id='word_1_478' title='bbox 1423 2513 1454 2544; x_wconf 84' lang='grc'>7.</span> <span class='ocrx_word' id='word_1_479' title='bbox 1479 2529 1521 2535; x_wconf 91' lang='grc'><strong>-</strong></span> <span class='ocrx_word' id='word_1_480' title='bbox 1551 2515 1691 2554; x_wconf 76' lang='lat' dir='ltr'>opport.</span> 
     </span>
     <span class='ocr_line' id='line_1_78' title="bbox 1017 2555 1689 2599; baseline 0.001 -10"><span class='ocrx_word' id='word_1_481' title='bbox 1017 2557 1064 2589; x_wconf 82' lang='lat' dir='ltr'>ad</span> <span class='ocrx_word' id='word_1_482' title='bbox 1089 2568 1191 2598; x_wconf 66' lang='lat' dir='ltr'>omn„</span> <span class='ocrx_word' id='word_1_483' title='bbox 1218 2559 1272 2599; x_wconf 76' lang='lat'>44,</span> <span class='ocrx_word' id='word_1_484' title='bbox 1298 2559 1329 2599; x_wconf 89' lang='lat'>3,</span> <span class='ocrx_word' id='word_1_485' title='bbox 1354 2559 1385 2599; x_wconf 81' lang='lat'>4,</span> <span class='ocrx_word' id='word_1_486' title='bbox 1410 2555 1478 2599; x_wconf 82' lang='lat' dir='ltr'>vgl.</span> <span class='ocrx_word' id='word_1_487' title='bbox 1505 2557 1559 2598; x_wconf 83' lang='lat'>27,</span> <span class='ocrx_word' id='word_1_488' title='bbox 1589 2559 1640 2599; x_wconf 82' lang='lat'>15,</span> <span class='ocrx_word' id='word_1_489' title='bbox 1657 2558 1689 2590; x_wconf 81' lang='lat'>8.</span> 
     </span>
    </p>
   </div>
   <div class='ocr_carea' id='block_1_8' title="bbox 1688 0 1732 2840">
    <p class='ocr_par' dir='ltr' id='par_1_10' title="bbox 1688 0 1732 2840">
     <span class='ocr_line' id='line_1_79' title="bbox 1688 0 1732 2840; baseline 0 0"><span class='ocrx_word' id='word_1_490' title='bbox 1688 0 1732 2840; x_wconf 95' lang='lat' dir='ltr'> </span> 
     </span>
    </p>
   </div>
  </div>
 </body>
</html>
