1732 2840
224 98 302 138 138

655 101 777 134 LIBER
803 100 902 135 XXX.
952 101 1045 136 CAP.
1072 104 1124 136 22.
1152 104 1205 137 23.

1496 121 1521 141 a.
1542 100 1568 141 α’.
1586 115 1645 143 551.

222 228 420 269 gressum,
452 227 525 254 nec
546 214 731 254 Romanis
750 214 889 263 solum,
912 217 977 255 sed
1000 222 1090 256 ante
1111 217 1225 256 etiam
1247 216 1475 268 Saguntinis
1496 219 1644 270 privato

181 280 199 312 3
221 274 385 313 consilio
415 271 560 311 bellum
589 271 787 319 intulisse3
821 273 972 311 senatui
1003 284 1046 312 ac
1075 274 1222 325 populo
1252 274 1581 325 Carthaginiensi,
1613 275 1646 315 si

222 331 308 382 quis
344 341 432 368 vere
460 328 654 376 aestimet,
693 329 828 368 foedus
857 329 904 368 ad
933 341 1015 368 eam
1047 329 1147 368 diem
1183 330 1410 370 inviolatum
1439 343 1522 370 esse
1554 344 1642 371 cum

180 393 200 425 4
223 386 419 425 Romanis.
474 385 603 436 itaque
641 386 738 424 nihil
767 386 870 425 aliud
900 385 972 424 sibi
1001 386 1223 425 mandatum
1254 399 1336 426 esse
1366 388 1422 426 uti
1452 395 1644 440 peterent,

222 455 336 495 quam
365 448 409 481 ut
438 442 476 480 in
509 454 552 481 ea
573 454 687 494 pace,
719 455 815 494 quae
837 448 1035 495 postremo
1059 455 1147 482 cum
1170 442 1209 482 C.
1233 443 1387 482 Lutatio
1410 444 1510 484 facta
1533 451 1646 494 esset,

181 507 199 539 5
222 511 377 539 manere
406 498 552 538 liceret.
595 511 682 538 cum
713 511 821 538 more
843 499 982 539 tradito
1005 500 1052 550 [a]
1074 499 1250 552 patribus
1272 505 1502 552 potestatem
1522 502 1644 542 inter-

220 556 396 607 rogandi,
419 555 451 594 si
474 555 559 607 quis
582 556 674 607 quid
696 556 823 601 vellet,
843 555 991 607 legatos
1011 562 1167 609 praetor
1189 556 1355 605 fecisset,
1378 557 1645 610 senioresque,

220 613 286 665 qui
304 611 524 651 foederibus
541 612 808 660 interfuerant,
830 613 902 652 alia
919 613 983 652 alii
1003 613 1307 664 interrogarent,
1330 626 1402 653 nee
1422 615 1646 655 meminisse

219 682 290 722 per
318 675 479 708 aetatem
501 691 555 697 -—
577 669 719 708 etenim
751 682 886 708 omnes
914 670 1035 709 ferme
1063 671 1222 709 iuvenes
1253 677 1362 710 erant
1389 694 1444 700 —-
1473 671 1646 712 dicerent
1711 682 1732 706 '¹

178 732 197 764 6
218 726 353 777 legati,
391 725 674 765 conclamatum
711 739 755 765 ex
790 726 897 765 omni
932 733 1040 779 parte
1077 727 1211 766 curiae
1248 733 1305 766 est
1335 727 1482 767 Punica
1512 729 1644 768 fraude

219 783 385 829 electOS,
418 783 483 835 qui
513 789 682 822 veterem
711 796 846 835 pacem
874 789 1119 836 repeterent,
1150 784 1262 823 cuius
1292 783 1366 836 ipsi
1397 797 1477 823 non
1507 785 1644 824 memi-

218 839 382 879 nissent.

150 900 199 937 23

336 895 483 935 Emotis
513 895 651 934 deinde
683 896 790 935 curia
822 896 958 948 legatis
980 897 1195 936 sententiae
1216 897 1448 949 interrogari
1470 905 1642 951 coeptae.

219 953 270 992 M.
288 954 418 993 Livius
435 952 474 992 C.
494 952 697 992 Servilium
715 953 928 1002 consulem,
951 954 1017 1006 qui
1040 954 1202 1005 propior
1223 960 1334 1002 esset,
1356 955 1644 1003 arcessendum,

177 1019 196 1051 2
216 1018 259 1050 ut
295 1022 425 1050 coram
458 1022 502 1048 eo
534 1010 580 1048 de
611 1022 705 1062 pace
742 1016 942 1060 ageretur,
979 1010 1181 1050 censebat:
1219 1022 1308 1049 cum
1339 1011 1385 1049 de
1413 1024 1456 1051 re
1485 1012 1644 1060 maiore,

220 1080 334 1119 quam
358 1072 500 1118 quanta
530 1079 572 1104 ea
595 1072 706 1114 esset,
738 1067 971 1106 consultatio
1002 1067 1174 1106 incidere
1204 1079 1284 1106 non
1306 1075 1458 1119 posset,
1488 1081 1568 1107 non
1589 1068 1645 1107 vi-

218 1124 298 1162 deri
324 1123 398 1162 sibi
424 1123 584 1162 absente
615 1122 822 1162 consulum
853 1123 972 1163 altero
995 1123 1232 1163 ambobusve
1263 1135 1346 1163 eam
1366 1137 1448 1163 rem
1469 1125 1530 1176 agi
1552 1125 1643 1165 satis

177 1188 196 1220 3
219 1193 263 1220 ex
293 1180 478 1231 dignitate
510 1179 647 1231 populi
669 1178 834 1218 Romani
864 1192 966 1229 esse3
998 1179 1042 1225 Q.
1064 1180 1254 1227 Metellus,
1277 1181 1344 1232 qui
1363 1181 1533 1220 triennio
1555 1187 1644 1221 ante

219 1237 357 1276 consul
390 1236 630 1287 dictatorque
667 1236 809 1275 fuerat:
847 1249 934 1276 cum
966 1237 1007 1276 P.
1039 1236 1170 1288 Scipio
1207 1238 1402 1276 caedendo
1439 1238 1643 1288 exercitus,

216 1326 414 1366 —privato
439 1335 478 1365 c.,
504 1323 588 1356 dazu
614 1324 743 1356 stimmt
768 1324 894 1367 wenig-

218 1374 308 1404 stens
334 1369 387 1402 die
413 1371 467 1409 21,
496 1371 533 1402 18
560 1370 733 1412 gegebene
751 1369 895 1402 Darstel—

218 1416 299 1458 lung
324 1414 436 1451 nicht:
463 1414 713 1458 ebensowenig,
739 1414 816 1448 dass
837 1414 895 1447 der

217 1460 320 1493 Senat
344 1460 430 1492 viele
447 1459 560 1499 Jahre,
587 1470 684 1493 wenn
704 1460 789 1493 auch
808 1460 893 1492 Han-

217 1505 307 1538 nibal
334 1504 550 1537 unmittelbar
575 1515 636 1537 nur
662 1505 783 1548 wenig,
808 1504 895 1537 doch

218 1552 271 1584 die
308 1550 487 1583 Feldherrn
529 1550 561 1582 in
599 1549 746 1592 Spanien
783 1553 894 1583 unter—

217 1599 321 1629 stiitzt
359 1595 434 1636 hat,
472 1595 575 1627 damit
611 1596 658 1628 sie
694 1595 760 1628 ihm
798 1595 895 1628 Hfilfe

217 1642 357 1684 bringen
383 1640 542 1674 konnten.

221 1689 226 1696 ’
263 1689 362 1720 3—4.
391 1688 441 1718 sie
467 1705 492 1708 —
519 1687 663 1723 aestim„
691 1695 717 1718 s.
745 1687 775 1726 3,
798 1687 848 1727 19,
865 1687 895 1718 6.

216 1752 259 1756 —
275 1732 410 1771 foedam,
438 1731 513 1763 weil
540 1730 597 1764 der
611 1730 704 1763 Staat
729 1731 834 1764 selbst
859 1741 894 1764 es

217 1777 310 1810 nicht
333 1776 544 1819 aufgehoben
570 1776 895 1818 hat—postremo,

216 1823 259 1856 ist
284 1822 351 1854 wol
376 1821 565 1864 uberhaupt
583 1821 818 1864 Bezeichnung
836 1821 894 1854 des

216 1868 340 1900 letzten
376 1866 552 1907 Friedens‚
589 1866 676 1899 ohne
710 1866 895 1899 Riicksicht

218 1913 277 1945 auf
298 1911 350 1943 die
375 1913 429 1950 21,
460 1913 508 1948 18,
540 1913 577 1944 12
608 1911 785 1943 beriihrten
812 1911 893 1944 Ver-

217 1957 388 1990 haltnisse.
414 1976 457 1979 —
483 1966 560 1988 cum
589 1956 622 1988 C.
652 1956 740 1994 Lul„
773 1966 810 1988 so
836 1955 893 1988 hat

217 2003 275 2036 der
289 2002 362 2035 Put.
387 2001 455 2033 und
482 2001 602 2034 andere
621 2000 709 2040 Hss.;
737 2001 892 2043 obgleich

216 2049 273 2081 der
287 2046 402 2080 Friede
427 2050 494 2079 erst
507 2050 604 2079 unter
618 2046 654 2084 Q.
670 2046 805 2079 Catulus
824 2046 891 2078 und

216 2095 254 2125 A.
269 2092 410 2125 Manlius
425 2102 465 2123 zu
480 2091 605 2125 Stande
619 2091 707 2132 kam,
725 2102 761 2124 so
776 2091 891 2124 wurde

216 2149 250 2171 er
263 2137 350 2171 doch
364 2136 468 2170 sehon
482 2137 525 2169 im
538 2136 639 2170 Jahre
655 2137 774 2170 vorher
788 2136 892 2169 durch

217 2184 252 2216 C.
278 2182 429 2215 Lutatius
455 2182 657 2225 eingeleitet,
684 2193 710 2215 s.
732 2182 892 2214 Periocha

219 2231 274 2262 19:
300 2237 471 2260 summam
493 2229 663 2259 victoriae
679 2227 712 2260 C.
728 2226 892 2260 Lutatius

218 2285 284 2307 cos.
300 2275 393 2305 victu
410 2272 457 2304 ad
470 2272 619 2314 Aegates
634 2273 768 2304 insulas
783 2272 891 2304 classe

216 2320 413 2351 Poenorum
461 2319 638 2359 imposuit.
695 2319 891 2359 petentibus

218 2364 569 2405 Carthaginiensibus
601 2373 675 2404 pasc
709 2363 792 2394 data
823 2366 891 2402 est,-

217 2409 336 2451 Polyb.
366 2411 393 2450 1,
418 2409 476 2445 62;
513 2407 592 2440 Zon.
619 2409 650 2449 8,
678 2410 732 2446 17;
765 2407 890 2440 eberiso

217 2458 291 2495 sagt
329 2454 361 2486 L.
401 2453 454 2493 21,
491 2454 539 2491 19,
578 2454 615 2485 3:
655 2462 731 2485 cum
768 2452 892 2484 Lutati

215 2500 336 2540 priore
360 2497 511 2538 foedere,
537 2507 591 2530 wo
619 2508 678 2530 nur
691 2498 723 2531 C.
739 2497 889 2530 Lutatius

217 2543 361 2585 gemeint
387 2542 458 2576 sein
483 2542 583 2575 kann.

1010 1327 1109 1359 5—6.
1134 1326 1264 1367 patrib.
1290 1329 1365 1367 etc.,
1391 1335 1417 1358 s.
1444 1328 1497 1366 29,
1527 1328 1576 1366 19,
1606 1329 1641 1369 13

966 1371 996 1411 8,
1023 1371 1076 1409 21,
1103 1371 1137 1407 2;
1167 1372 1219 1411 37,
1248 1372 1276 1410 1,
1303 1372 1338 1408 33
1375 1370 1461 1404 nach
1485 1370 1543 1404 der
1569 1371 1642 1406 hds.

963 1415 1077 1448 Lesart
1109 1417 1234 1448 miisste
1263 1419 1384 1457 patres
1415 1432 1459 1444 =
1491 1419 1643 1449 maiores

964 1470 1165 1503 genommen
1192 1460 1337 1501 werden,
1363 1461 1432 1503 vgl.
1461 1463 1514 1502 27,
1544 1463 1641 1503 11,9.

964 1525 1004 1530 -—
1031 1505 1201 1544 foederib.
1228 1506 1362 1546 interf„
1392 1506 1446 1538 bei
1470 1506 1534 1539 den
1563 1507 1641 1540 Ver—

963 1550 1181 1593 handlungen
1221 1551 1303 1583 iiber
1342 1551 1402 1584 das
1443 1555 1531 1585 erste
1574 1552 1643 1586 und

964 1596 1084 1629 zweite
1109 1595 1277 1629 Biindniss
1302 1596 1361 1629 des
1386 1596 1557 1638 Lutatius,
1589 1597 1642 1631 die

965 1643 1005 1675 38
1031 1641 1132 1674 Jahre
1159 1641 1278 1674 vorher
1302 1644 1385 1675 statt
1414 1642 1538 1685 gehabt
1570 1642 1642 1676 hat-

964 1690 1031 1719 ten.
1058 1706 1100 1710 —
1125 1697 1187 1719 nec
1207 1705 1235 1710 —-
1261 1687 1428 1729 dicerent,
1452 1690 1546 1729 s.27,
1564 1690 1595 1730 4,
1609 1692 1640 1722 5.

963 1751 1007 1756 —
1033 1734 1132 1764 cuius
1158 1734 1233 1773 etc.,
1258 1732 1340 1765 nach
1368 1743 1396 1765 c.
1422 1734 1476 1773 30,
1495 1735 1553 1767 28:
1577 1744 1641 1776 pa-

964 1787 1043 1809 rum
1070 1777 1258 1819 dignitatis
1284 1779 1320 1810 in
1346 1778 1522 1819 legatione
1543 1782 1640 1819 erat,-

964 1821 1017 1854 die
1041 1822 1173 1865 Jugend
1200 1822 1292 1855 hatte
1317 1822 1410 1855 nicht
1434 1823 1557 1866 gerade
1586 1823 1639 1856 die

965 1867 1194 1900 Unkenntniss
1220 1867 1367 1911 bedingt.

1008 1932 1069 1969 23.
1097 1936 1192 1967 1—2.
1219 1937 1350 1975 emotis,
1377 1937 1408 1976 6,
1434 1937 1487 1976 28,
1513 1936 1544 1974 8,
1570 1935 1638 1978 vgl.

963 1981 1017 2020 29,
1047 1981 1095 2019 19,
1123 1981 1153 2013 3.
1178 1999 1222 2003 —
1247 1979 1387 2020 Livius,
1418 1980 1487 2013 wol
1511 1979 1639 2014 Salina-

964 2029 1035 2065 tor,
1082 2024 1174 2057 stellt
1211 2028 1322 2057 zuerst
1366 2025 1462 2058 einen
1499 2026 1637 2069 Antrag,

961 2069 1238 2103 wahrscheinlich
1254 2080 1323 2102 war
1333 2070 1464 2112 Fabius,
1479 2070 1537 2104 der
1551 2071 1639 2114 prin-

962 2125 1042 2158 ceps
1075 2119 1231 2155 senatus,
1264 2115 1369 2148 sehon
1402 2115 1495 2158 todt‚
1528 2126 1556 2150 c.
1582 2117 1635 2150 26.

963 2161 1116 2200 αηιῠυύ.,
1152 2170 1181 2192 n.
1218 2161 1428 2193 consulibus.
1453 2180 1497 2185 ——
1529 2172 1637 2204 quam

962 2209 1104 2247 quanta,
1131 2215 1158 2238 s.
1184 2207 1237 2247 29,
1253 2207 1305 2246 28,
1323 2209 1361 2243 4;
1392 2208 1418 2245 1,
1445 2208 1499 2247 35,
1526 2208 1563 2244 7;
1589 2206 1633 2240 ib.

962 2252 1015 2292 38,
1041 2252 1072 2283 5.
1089 2253 1229 2283 —salz's
1255 2262 1317 2291 em,
1351 2251 1420 2294 vgl.
1446 2250 1524 2285 Tac„
1550 2250 1637 2284 Ann.

961 2297 992 2335 2,
1017 2297 1078 2329 35:
1104 2296 1195 2327 nihil
1218 2298 1304 2328 salis
1330 2297 1478 2328 inlustre
1503 2300 1567 2329 aut
1591 2307 1635 2328 ex

962 2341 1137 2382 dignitate
1159 2352 1195 2383 p.
1213 2340 1250 2373 R.
1275 2342 1347 2373 nisi
1370 2351 1490 2374 eoram
1515 2345 1549 2374 et
1570 2344 1633 2374 sub

961 2385 1071 2418 oculis
1099 2385 1268 2419 Caesar-is.

1006 2454 1103 2486 3—4.
1132 2453 1170 2494 Q.
1202 2452 1295 2494 Mel„
1328 2462 1353 2485 s.
1380 2463 1407 2486 c.
1434 2454 1487 2493 27,
1514 2454 1550 2492 23
1577 2454 1630 2494 29,

961 2499 1013 2539 20,
1033 2501 1058 2530 1.
1074 2517 1117 2522 —
1132 2498 1264 2536 consul,
1291 2499 1343 2539 28,
1362 2500 1412 2539 10,
1435 2498 1480 2530 im
1504 2497 1535 2531 J.
1549 2500 1632 2536 206;

962 2543 1125 2585 dictator,
1143 2553 1168 2576 s.
1185 2544 1237 2583 29,
1258 2545 1312 2581 10;
1334 2545 1486 2576 triennio
1501 2542 1634 2576 bezieht
