1732 2840
202 128 255 168 44
665 129 789 163 LIBER
814 128 947 162 xxvn.
996 129 1089 162 CAP.
1118 132 1169 163 15.

1478 148 1503 167 a.
1525 129 1564 168 11.-
1575 142 1634 169 545.

163 261 182 295 s
206 251 413 300 Corcyram
445 247 633 285 tramissa.
676 245 715 284 in
745 245 907 284 Bruttiis
937 245 1094 284 interim
1127 245 1311 284 Caulonis
1341 250 1636 297 oppugnatores

207 306 279 349 sub
296 306 505 345 adventum
522 302 763 349 Hannibalis,
787 314 836 340 ne
854 301 1187 353 opprimerentur,
1212 303 1251 341 in
1269 301 1464 341 tumulum
1486 314 1506 341 a
1522 313 1636 354 prae-

206 363 307 405 senti
329 362 479 412 impetu
501 365 642 408 tutum,
665 359 710 398 ad
733 364 861 398 cetera
884 358 1056 410 inopem,
1079 371 1120 398 se
1142 370 1340 410 recepere.

316 417 478 458 Fabium
495 416 709 456 Tarentum
732 415 978 454 obsidentem
994 415 1075 454 leve
1097 415 1201 455 dictu
1224 421 1467 456 momentum
1485 415 1532 455 ad
1553 428 1636 455 rem

208 480 408 530 ingentem
431 473 660 525 potiundam
691 472 849 511 adiuvit.
893 471 1130 523 praesidium
1161 472 1403 511 Bruttiorum
1436 472 1568 512 datum
1590 472 1637 512 ab

208 531 428 575 Hannibale
450 529 653 570 Tarentini
676 529 871 568 habebant
884 540 894 576 ;
928 528 1012 568 31115
1033 529 1217 580 praesidii
1241 529 1461 580 praefectus
1483 529 1638 581 deperi-

207 593 272 632 bat
292 601 423 630 amore
454 586 727 634 mulierculae,
760 585 872 624 cuius
903 585 1022 625 frater
1049 585 1088 624 in
1120 586 1291 625 exercitu
1324 586 1431 625 Fabii
1463 585 1640 625 consulis

150 658 186 690 10
207 653 301 689 erat.
344 646 376 684 is
399 644 543 684 certior
564 643 705 682 litteris
722 641 870 681 sororis
892 642 1018 681 factus
1039 642 1086 681 de
1103 655 1200 682 nova
1222 642 1510 682 consuetudine
1526 642 1640 682 adve-

210 717 283 745 nae
304 701 512 753 locupletis
534 705 649 750 atque
681 699 784 738 inter
806 698 1008 750 popularis
1030 704 1106 738 tam
1141 700 1333 747 honorati,
1369 711 1478 750 spem
1502 705 1639 738 nactus

210 773 281 814 per
312 770 487 799 sororem
511 756 687 808 quolibet
716 755 851 808 inpelli
883 761 1076 795 amantem
1108 768 1248 808 posse,
1276 755 1368 807 quid
1398 762 1574 808 speraret
1594 755 1640 795 ad

151 826 185 858 11
208 816 412 858 consulem
435 813 584 853 detulit.
627 825 726 865 quae
758 824 846 851 cum
869 812 970 851 haud
999 825 1095 851 vana
1117 812 1299 863 cogitatio
1321 813 1399 851 visa
1422 820 1536 861 esset,
1568 824 1640 864 pro

211 874 375 926 perfuga
398 872 528 910 iussus
545 870 758 909 Tarentum
780 868 962 917 transire,
984 881 1028 908 ae
1045 882 1115 921 pei
1131 881 1305 908 sororem
1328 870 1526 921 praefecto
1545 881 1640 908 con-

212 931 378 977 ciliatus,
413 927 539 979 primo
563 926 715 965 occulte
738 926 965 977 temptando
987 927 1183 974 animum,
1216 925 1304 964 dein
1329 926 1420 965 satis
1443 926 1639 977 explorata

210 987 361 1027 levitate
376 983 572 1024 blanditiis
594 982 850 1022 muliebribus
868 982 1041 1033 perpulit
1059 995 1148 1021 eum
1165 983 1210 1021 ad
1229 983 1492 1034 proditionem
1509 988 1641 1021 custo-

154 1052 190 1082 12
212 1043 295 1083 diae
315 1042 405 1091 loci,
429 1040 491 1080 cui
518 1039 766 1091 praepositus
787 1045 880 1078 erat.
914 1039 979 1077 ubi
997 1044 1034 1077 et
1055 1039 1151 1078 ratio
1168 1039 1339 1089 agendae
1357 1039 1411 1079 rei
1434 1044 1471 1078 et
1487 1044 1642 1090 tempus

213 1099 416 1146 convenit,
457 1096 568 1135 miles
601 1101 715 1135 nocte
746 1108 816 1147 per
846 1095 1046 1134 intervalla
1086 1095 1296 1135 stationum
1339 1096 1436 1135 clam
1468 1108 1513 1135 ex
1546 1095 1643 1134 urbe

214 1157 380 1196 emissus
398 1168 453 1201 33,
476 1165 575 1204 quae
591 1160 672 1193 acta
691 1158 814 1201 erant,
838 1164 1016 1204 quaeque
1040 1157 1081 1191 ut
1097 1158 1307 1202 agerentur
1325 1159 1574 1201 convenerat,
1597 1151 1643 1191 ad

154 1221 189 1253 13
212 1212 413 1253 consulem
437 1211 568 1250 refert.
608 1209 752 1249 Fabius
773 1208 900 1260 vigilia
922 1208 1046 1260 prima
1068 1208 1155 1247 dato
1178 1209 1290 1260 signo
1314 1208 1378 1255 iis,
1403 1208 1469 1260 qui
1491 1209 1531 1247 in
1554 1220 1642 1248 arce

258 1337 286 1368 8.
317 1333 495 1373 Caulonis,
510 1343 537 1365 s.
552 1343 579 1364 e.
599 1333 649 1372 12,
666 1333 704 1369 6;
720 1331 819 1364 dahin
835 1331 892 1363 1131

212 1380 284 1414 sich
316 1378 481 1412 Hannibal
519 1376 715 1420 gewendet,
751 1387 805 1409 um
839 1376 892 1409 die

212 1425 311 1459 Stadt
335 1435 376 1457 zu
402 1423 575 1458 schutzen
624 1421 682 1454 Die
707 1421 806 1454 Notiz
833 1432 892 1454 un-

213 1469 375 1504 terbricht
408 1469 462 1502 die
494 1466 717 1509 Schilderung
750 1467 807 1500 der
833 1467 892 1500 Be-

212 1517 388 1559 lagerung,
414 1514 491 1547 weil
516 1513 574 1546 der
588 1512 721 1556 Angriff
741 1513 798 1545 auf
811 1512 894 1544 Cau-

212 1561 300 1594 lonia
327 1561 387 1592 mit
419 1559 494 1592 dem
521 1559 603 1591 Plan
629 1558 688 1591 des
714 1557 835 1591 Fabius
861 1558 893 1589 in

213 1605 432 1648 Verbindung
457 1604 566 1645 stand,
592 1615 619 1636 c
649 1605 698 1643 12,
724 1605 754 1637 6.
771 1604 892 1635 -sub

214 1652 361 1691 adtent,
394 1651 463 1693 xgl
498 1630 585 1682 Plu't.
617 1660 644 1683 c.
671 1650 731 1682 22:
767 1646 894 1690 ἤλπιζε

212 1695 280 1774 {22⁴5
295 1706 464 1774 ἔέἱξέῗῖἱς
474 1689 895 1779 “522‘231’22221521523

214 1800 277 1820 τοι
309 1783 503 1832 Τάραντος,
531 1786 612 1819 Zon.
629 1785 650 1818 l.
665 1785 685 1818 l.
703 1785 807 1817 —ad
831 1789 893 1817 cet.

215 1836 322 1874 inop„
348 1820 401 1865 die
425 1833 468 1864 im
496 1832 531 1864 P
562 1831 740 1864 felilenden
768 1831 894 1871 Worte‚

214 1878 326 1911 bieten
341 1878 437 1910 einen
453 1876 653 1919 Gegensatz,
680 1877 743 1907 wie
763 1885 797 1907 er
810 1875 895 1907 nach

216 1934 235 1955 a
261 1933 375 1965 praes.
391 1925 522 1964 ηηρείιι
535 1926 693 1954 erwartet
707 1920 801 1961 wird,
827 1920 895 1963 xgl.

216 1969 270 2009 25,
297 1969 349 2009 36,
375 1970 413 2004 2:
440 1969 494 2007 28,
524 1969 573 2007 16,
600 1969 638 2004 ὃς
664 1969 695 2006 5,
721 1967 826 2006 42,7;
854 1975 893 1997 zu

217 2014 263 2046 ad
277 2015 330 2052 37,
347 2017 377 2055 7,
397 2015 454 2053 153
476 2015 591 2044 virum
606 2011 654 2043 ad
666 2015 780 2043 cetera
798 2021 894 2052 egre-

214 2061 336 2101 gium;
362 2060 416 2099 38,
446 2061 495 2098 14,
523 2060 558 2091 3:
586 2058 725 2089 homine
751 2055 798 2088 ad
822 2066 893 2087 onz-

216 2107 276 2136 nia
293 2083 416 2144 ινῖίίἄο,
443 2105 496 2145 30,
511 2105 564 2144 29,
579 2105 597 2136 9
625 2102 800 2134 adcelera
819 2101 893 2133 Ioco

217 2154 417 2192 opportuno
452 2149 569 2191 Pomp
603 2147 689 2181 Mela
722 2149 808 2188 2,1,
839 2148 893 2179 15:

218 2199 333 2227 terrae
359 2214 384 2217 —
412 2195 461 2226 ad
473 2194 606 2236 pabala
631 2192 778 2232 ferte'les.
806 2191 895 2223 Statt

217 2252 251 2272 se
277 2251 403 2282 recep„
429 2240 487 2272 1131
501 2238 559 2282 Sp.
586 2249 796 2279 concessere
821 2247 847 2270 s.
863 2239 893 2276 4,

219 2287 272 2325 61,
299 2288 337 2324 6;
364 2289 396 2326 5,
423 2286 475 2325 39,
501 2286 538 2323 9;
565 2286 620 2325 38,
646 2285 676 2326 2,
706 2285 755 2316 13.

263 2343 383 2374 9-10.
432 2344 644 2373 momentum
692 2340 735 2373 ist
789 2338 896 2371 wahr-

217 2386 401 2419 scheinlich
425 2386 457 2418 in
484 2386 519 2419 P.
546 2385 773 2428 ausgesallen,
797 2394 894 2417 wenn

218 2432 288 2465 sich
315 2431 400 2463 auch
414 2431 612 2464 Ausdrticke
637 2430 748 2463 finden
776 2430 840 2462 wie
869 2433 896 2470 1,

219 2479 273 2517 59,
304 2479 360 2509 11:
393 2487 482 2518 quae
514 2477 628 2508 relata
661 2476 896 2517 scriptoribus

217 2522 343 2560 facilia
369 2523 517 2561 subz'eit;
548 2525 575 2558 1,
604 2523 657 2562 23,
679 2523 715 2560 4;
744 2523 843 2562 34,3.
860 2522 894 2553 9:

220 2567 306 2609 quid
335 2567 516 2598 honestam
550 2567 645 2599 dictu
676 2586 702 2590 -
733 2569 896 2608 praeten-

963 1331 1069 1363 ditur.
1083 1350 1127 1355 -——
1140 1331 1308 1372 praesia„
1336 1331 1388 1363 die
1405 1330 1548 1364 Bruttier
1569 1331 1644 1364 sind

963 1387 1024 1409 nur
1038 1376 1090 1409 ein
1105 1376 1203 1409 Tlieil
1219 1376 1277 1408 der
1291 1376 1492 1419 Besatzung‚
1507 1387 1533 1410 5.
1548 1376 1569 1419 ξ
1586 1379 1643 1416 11;

967 1424 1002 1454 17
1033 1423 1229 1462 colzortem,·
1260 1420 1374 1454 diesen
1401 1421 1563 1465 hefehligt
1587 1421 1646 1455 der

965 1467 1120 1508 Bruttier,
1147 1476 1189 1499 an
1215 1466 1272 1499 der
1292 1466 1406 1509 Spitze
1433 1466 1491 1500 der
1515 1477 1644 1510 ganzen

965 1512 1155 1555 Besatzung
1181 1512 1271 1545 steht
1297 1512 1465 1554 Carthalo,
1490 1523 1518 1546 s.
1544 1523 1572 1546 c.
1592 1514 1644 1554 16,

966 1561 1002 1596 5;
1036 1557 1124 1590 Plut.
1157 1559 1209 1590 22.
1255 1558 1464 1602 praefectus
1500 1558 1546 1590 ist
1576 1557 1645 1590 11131·

964 1603 1049 1636 nach
1075 1603 1150 1636 dem
1175 1602 1282 1635 Genit.
1310 1602 1457 1645 gestellt,
1482 1602 1644 1646 gewohn-

963 1648 1030 1681 lich
1054 1652 1140 1681 setzt
1166 1657 1201 1681 es
1227 1648 1259 1680 L.
1286 1658 1409 1687 voran,
1440 1647 1645 1690 praefectus
1697 1638 1701 1640 ⁸

963 1695 1080 1735 urbis,
1111 1696 1310 1734 sociorum,
1343 1693 1465 1726 classis
1492 1704 1576 1726 usw.
1601 1712 1646 1716 —

966 1739 1130 1782 deperih„
1161 1738 1229 1782 vgl.
1256 1740 1344 1771 Curt.
1371 1740 1402 1781 8,
1429 1740 1481 1780 21,
1508 1741 1542 1772 8:
1570 1749 1646 1770 cor-

963 1795 1050 1827 pus,
1081 1787 1118 1816 in
1144 1795 1212 1827 quo
1239 1783 1446 1826 (iopen-ibat,-
1478 1784 1566 1817 Plut.
1593 1793 1644 1816 er·

965 1830 1081 1862 walmt
1107 1829 1193 1863 noch
1208 1829 1281 1861 eine
1295 1829 1418 1862 andere
1431 1829 1645 1872 Darstellung

966 1875 1024 1908 des
1039 1875 1249 1917 Vorganges.
1263 1893 1308 1897 —
1321 1874 1448 1914 ft‘ater,
1474 1874 1564 1907 einer
1579 1884 1645 1906 von

965 1920 1023 1953 der
1048 1919 1157 1952 Partei
1182 1920 1214 1952 in
1241 1918 1379 1959 Tarent,
1405 1919 1458 1952 die
1483 1919 1554 1952 sicli
1579 1919 1644 1952 den

965 1965 1109 1998 Rbmern
1140 1964 1316 2006 zuneigte,
1348 1964 1429 1998 Zon.
1455 1966 1486 2006 9,
1513 1967 1549 1999 6:
1581 1966 1646 1997 Τα-

964 2023 1033 2063 ραι
1036 2013 1128 2043 τῖνοι
1154 2006 1193 2042 ὃε
1217 2009 1382 2060 φανερῶς
1409 2010 1474 2051 μὲν
1499 2006 1644 2042 οὐδέπω

964 2053 1008 2088 τὰ
1031 2055 1109 2088 τῶν
1121 2051 1309 2098 (ὛΡωμαιωι
1333 2055 1497 2100 ῃροῦντο,
1523 2052 1645 2099 λάθρα

964 2097 1003 2133 δὲ
1027 2099 1107 2133 τοὶς
1132 2077 1398 2145 Καρχηδοιιοις
1422 2098 1593 2141 ἤχθοντο.

1014 2159 1156 2190 11-13,
1181 2167 1246 2199 pto
1271 2168 1319 2198 11.,
1346 2155 1396 2188 als
1421 2156 1464 2188 ob
1489 2166 1524 2189 er
1546 2157 1644 2189 ware.

965 2222 1007 2226 -
1035 2203 1185 2241 levitate,
1212 2182 1414 2241 Leich’tsinn,
1448 2201 1645 2234 Charakter-

965 2247 1133 2302 losigkeit.
1148 2247 1325 2279 —blan(l.
1353 2246 1446 2286 mul„
1473 2247 1541 2288 vgl.
1556 2246 1644 2280 Plut.

966 2290 1026 2326 ἐπ
1054 2290 1174 2325 ἐλπίσι
1190 2289 1386 2346 δωρεῶν
1406 2289 1583 2344 μεγάλων,
1607 2287 1648 2324 ἃς

967 2336 1137 2389 παρεξειι
1161 2334 1258 2379 αι’(τῶ
1284 2350 1349 2370 τον
1376 2334 1527 2380 Φάβιον.
1576 2337 1647 2369 loci

968 2388 1053 2416 cust.
1081 2383 1144 2415 wie
1159 2384 1212 2421 25,
1227 2385 1279 2421 30,
1295 2385 1325 2416 5.
1340 2385 1522 2415 —inleru
1549 2386 1644 2422 stat„

966 2429 1025 2461 aus
1055 2428 1163 2461 einem
1194 2409 1251 2460 der
1272 2409 1427 2469 Punkte,
1462 2437 1515 2460 wo
1546 2427 1645 2460 keine

967 2475 1091 2507 Posten
1117 2473 1269 2506 standen.
1296 2492 1340 2497 —
1365 2477 1405 2504 ut
1430 2492 1453 2496 -
1482 2483 1591 2513 contu,
1617 2481 1643 2505 s.

967 2521 1021 2558 22,
1040 2521 1092 2558 23,
1116 2521 1152 2551 6:
1180 2522 1402 2558 convenerat,
1427 2522 1466 2550 ut
1491 2537 1516 2541 —
1540 2527 1645 2560 prae-

966 2567 1095 2604 starct;
1121 2564 1201 2597 fiber
1226 2563 1279 2596 die
1297 2562 1561 2606 Wiederholung
1586 2562 1644 2595 des
