1732 2840
210 87 290 127 172

662 90 784 124 LIBER
809 90 946 124 XXVIII.
995 90 1088 124 CAP.
1116 92 1167 126 18.

1478 109 1504 129 a.
1524 109 1553 129 u·
1573 102 1632 129 548.

167 212 187 245 2
208 205 269 245 die
301 217 410 244 suam
440 216 576 256 pacem
604 203 891 255 amicitiamque
928 205 1096 256 petentis
1127 204 1292 244 venisse.
1345 210 1558 257 utrumque
1590 205 1631 245 in

207 262 422 313 hospitium
439 261 595 306 invitat;
618 267 667 306 et,
690 260 875 312 quoniam
896 261 977 301 fors
998 274 1065 301 eos
1086 261 1158 300 sub
1180 274 1260 301 uno
1284 266 1386 301 tecto
1409 274 1494 301 esse
1515 267 1632 313 atque

208 318 253 357 ad
276 318 432 357 eosdem
454 323 616 369 penates
631 317 828 365 voluisset,
853 318 1082 357 contrahere
1102 318 1149 357 ad
1166 318 1421 369 conloquium
1442 318 1631 358 dirimen-

167 381 187 414 3
208 375 343 414 darum
373 374 629 414 simultatium
659 387 773 414 causa
806 380 864 414 est
893 380 1076 422 conatus,
1115 374 1302 426 Scipione
1338 374 1537 415 abnuente
1566 380 1634 414 aut

207 431 385 482 privatim
408 430 481 470 sibi
503 431 626 470 ullum
648 443 738 470 cum
759 431 892 470 Poeno
923 431 1056 470 odium
1077 443 1182 478 esse,
1220 431 1325 483 quod
1356 431 1631 484 conloquendo

206 487 357 535 finiret,
389 494 456 526 aut
487 488 533 527 de
555 500 597 527 re
627 487 782 539 publica
806 487 1015 539 quicquam
1037 501 1079 527 se
1100 500 1186 527 cum
1208 488 1321 528 hoste
1342 500 1456 540 agere
1478 488 1633 527 iniussu

167 552 186 584 4
208 549 366 583 senatus
387 556 516 595 posse.
558 544 653 583 illud
672 556 815 595 magno
839 556 957 596 opere
978 545 1162 585 tendente
1183 556 1287 595 rege,
1310 557 1360 584 ne
1381 544 1478 584 alter
1497 544 1633 596 hospi-

208 606 291 639 tum
314 601 495 640 exclusus
516 613 650 640 mensa
671 601 890 652 videretur,
922 606 964 641 ut
988 602 1028 640 in
1058 601 1232 641 animum
1253 601 1457 641 induceret
1478 601 1524 641 ad
1547 613 1631 640 eas-

167 664 185 696 5
207 657 294 696 dem
316 657 449 697 venire
480 658 614 709 epulas
645 658 748 697 haud
770 657 925 705 abnuit3
958 663 1218 709 cenatumque
1239 658 1354 697 simul
1375 658 1480 709 apud
1500 669 1634 709 regem

208 718 278 760 est,
301 720 338 753 et
359 714 494 753 eodem
516 714 629 753 etiam
650 713 750 753 lecto
773 713 905 765 Scipio
926 720 1043 766 atque
1065 714 1304 763 Hasdrubal,
1336 715 1425 766 quia
1451 715 1503 753 ita
1525 713 1633 753 cordi

167 775 186 808 6
208 776 289 809 erat
309 771 413 821 regi,
440 771 722 810 accubuerunt.
762 776 868 811 tanta
890 776 1018 810 autem
1039 771 1166 810 inerat
1187 771 1347 810 comitas
1369 771 1546 822 Scipioni
1575 776 1633 809 at-

208 839 284 878 que
301 827 349 866 ad
364 827 494 867 omnia
509 827 698 868 naturalis
714 827 865 879 ingenii
882 827 1102 875 dexteritas,
1119 833 1163 867 ut
1178 840 1258 867 non
1273 827 1488 879 Syphacem
1502 827 1633 875 modo,

207 883 414 923 barbarum
436 884 717 936 insuetumque
737 884 914 923 moribus
934 883 1141 932 Romanis,
1172 885 1240 924 sed
1260 885 1413 924 hostem
1436 885 1551 924 etiam
1572 884 1634 922 in-

167 948 184 978 7
207 940 458 980 festissimum
476 941 643 981 facunde
660 941 906 993 adloquendo
922 940 996 980 sibi
1012 940 1238 980 conciliaret
1248 952 1258 989 ;
1276 939 1634 991 mirabilioremque

207 996 281 1036 sibi
317 1009 406 1036 eum
436 1000 561 1037 virum
591 1010 804 1049 congresso
834 1009 964 1037 coram
993 998 1117 1037 visum
1149 1009 1242 1049 prae
1271 1009 1313 1036 se
1342 996 1490 1037 ferebat
1519 1008 1635 1048 quam

206 1085 266 1118 mit
290 1085 359 1118 ihm
384 1085 449 1118 wie
475 1084 524 1118 ost
542 1096 630 1128 paoe,
654 1088 806 1118 societas
820 1085 886 1118 Ro-

205 1141 312 1163 mana
337 1141 370 1163 u.
397 1133 427 1163 a.
453 1150 497 1154 —
522 1131 570 1163 ad
594 1131 687 1164 eosd.
713 1142 802 1172 pen..
834 1141 885 1164 re-

204 1176 324 1219 ligiose
349 1175 586 1218 Bezeichnung
610 1175 669 1209 des
693 1175 833 1218 Hauses,
859 1186 885 1209 s.

207 1223 261 1263 30,
289 1223 340 1261 13,
368 1223 427 1260 133
455 1221 605 1264 Propert.
629 1223 662 1262 4,
686 1224 718 1263 4,
744 1223 805 1255 33;
840 1221 888 1253 ad

206 1270 338 1299 vestro-s·
355 1285 381 1290 -
394 1266 533 1298 sedeam
544 1270 689 1309 penates
695 1279 707 1307 ,·
734 1267 816 1299 iiber
829 1266 885 1307 ad,

205 1322 232 1345 s.
257 1313 311 1352 24,
336 1313 392 1352 48,
417 1313 454 1349 9;
481 1313 534 1352 21,
553 1313 681 1353 63,10:
708 1312 806 1355 apud
828 1322 886 1354 pe-

205 1361 314 1389 nates.

252 1404 309 1435 3—
321 1403 350 1435 4.
377 1403 559 1444 privatim,
584 1402 634 1435 als
658 1401 886 1443 Privatmann,

207 1450 261 1489 37,
286 1449 342 1488 36,
360 1449 394 1485 7;
421 1448 474 1484 26,
489 1448 543 1487 27,
559 1449 616 1480 ll:
643 1447 794 1479 Flaccus
818 1448 887 1479 sibi

203 1495 385 1535 privatam
409 1492 623 1524 simultatem
643 1503 721 1524 cum
737 1491 886 1535 Campa-

205 1540 262 1570 nis
286 1547 419 1579 negare
444 1537 557 1569 ullam
573 1548 665 1577 esse;
690 1537 774 1570 eben
789 1548 827 1570 so
843 1547 884 1570 an

206 1594 238 1616 u.
272 1583 320 1616 St.
353 1583 473 1615 odium
504 1593 602 1623 cum,·
635 1583 701 1617 Cic.
735 1583 821 1616 Phil.
854 1585 885 1624 2,

207 1629 260 1669 38,
286 1630 347 1662 99:
375 1629 467 1660 hanc
493 1628 559 1660 tibi
582 1639 653 1660 esse
678 1639 757 1660 cum
777 1629 886 1660 Dola-

208 1673 296 1706 bella
323 1683 466 1705 causam
491 1673 568 1705 odii
587 1673 704 1706 dicere
720 1684 826 1706 ausus
841 1685 885 1706 es.

206 1718 247 1743 ——'-
263 1719 354 1751 illud
379 1719 483 1760 tend„
508 1729 535 1751 s.
559 1720 609 1758 10,
625 1720 728 1759 24,7:
754 1730 790 1751 se
815 1723 886 1751 ten-

208 1764 289 1796 dere
314 1764 431 1804 ultra‚·
456 1764 572 1804 nihil;
596 1766 651 1805 32,
677 1766 730 1806 32,
747 1766 764 1797 7
792 1764 889 1806 quod

208 1813 247 1841 ut
270 1829 298 1834 —
326 1809 493 1849 tenderet,
519 1809 589 1851 vgl.
616 1819 647 1843 c.
670 1812 727 1851 45,
757 1811 811 1843 13:
845 1819 886 1841 zu

208 1853 376 1887 erreichen
403 1854 530 1887 suchte.
555 1872 600 1877 —
625 1857 663 1886 in
688 1865 745 1886 an.
771 1854 886 1886 ind.—

209 1901 345 1941 vem're,
378 1909 405 1932 s.
437 1909 478 1931 zu
506 1900 537 1939 2,
567 1901 616 1940 IS,
646 1901 701 1937 11;
734 1898 886 1942 haufiger

206 1944 292 1987 folgt
315 1947 366 1986 ut,
392 1945 446 1986 27,
472 1945 503 1983 9,
527 1945 559 1976 9.

252 1992 351 2023 5-6.
378 1993 489 2022 cenat.
514 2008 542 2013 —
568 1992 634 2030 est,
667 1988 726 2022 das
758 1999 825 2022 von
850 1988 884 2022 L.

207 2034 256 2068 oft
280 2034 484 2077 gebrauchte
507 2034 751 2078 lmpersomle,
776 2044 804 2067 s.
835 2036 884 2075 10,

209 2082 263 2121 36,
277 2082 308 2121 4,
333 2080 441 2113 neben
466 2079 541 2112 dem
566 2079 803 2123 personlichen
829 2089 885 2111 ac-

209 2127 349 2158 cubucr.
373 2144 418 2148 ——
442 2125 549 2157 simul
572 2136 604 2158 n.
639 2126 681 2157 ab
713 2129 883 2166 utroque:

207 2180 419 2208 zusammen,
458 2169 786 2213 gemeinschaftlich,
818 2169 884 2203 Cic.

207 2216 296 2249 Lael.
327 2217 377 2256 19,
402 2218 461 2249 67:
487 2216 615 2248 multos
640 2215 775 2248 modios
799 2215 885 2247 salis

207 2261 314 2293 simul
349 2261 500 2293 edendos
537 2272 617 2293 esse.
650 2280 695 2284 -—
729 2261 816 2293 lecto
842 2276 886 2284 —

209 2307 459 2347 accubuerunt,
480 2306 533 2339 die
546 2307 659 2349 spater
673 2306 707 2338 in
721 2305 805 2338 Rom
819 2305 886 2338 ein-

208 2351 362 2393 geffihrte
400 2350 502 2392 Sitte,
541 2350 667 2384 Becker
702 2350 817 2384 Gallus
854 2352 885 2392 3,

207 2397 273 2430 263
287 2396 323 2436 f.,
348 2395 406 2428 auf
419 2395 550 2439 Sophas
575 2395 708 2439 liegend
733 2406 774 2428 zu
799 2396 887 2438 spei-

207 2450 277 2482 sen,
302 2440 386 2473 wird
411 2440 475 2474 den
497 2441 678 2474 Numidern
704 2440 885 2484 beigelegt,

207 2487 293 2529 App.
320 2496 346 2518 c.
373 2487 435 2519 30:
470 2484 804 2532 συγκατακλιθῆναι
832 2485 887 2529 τῷ

204 2527 415 2577 Ἀσδρούβᾳ.
440 2550 483 2556 -—
510 2532 627 2574 cordi,
651 2532 794 2565 seltener
818 2541 885 2564 von

955 1085 1136 1119 Menschen
1151 1085 1348 1127 gebraucht,
1373 1096 1400 1119 s.
1416 1096 1443 1118 c.
1458 1087 1513 1126 20,
1528 1087 1565 1124 7;
1581 1087 1635 1127 30,

959 1133 1012 1171 17,
1033 1133 1083 1173 12,
1108 1131 1177 1173 vgl.
1204 1133 1236 1171 6,
1261 1133 1292 1172 9,
1319 1133 1351 1165 3.
1375 1149 1418 1155 -
1444 1131 1492 1162 ad
1516 1132 1635 1162 omnia

956 1176 1007 1209 fiir
1032 1176 1096 1209 alle
1121 1176 1362 1218 Verhffltnisse,
1387 1186 1413 1209 s.
1439 1186 1468 1208 c.
1495 1177 1547 1217 17,
1575 1177 1634 1213 10;

955 1232 997 1254 zu
1022 1223 1076 1263 27,
1104 1224 1156 1263 15,
1181 1223 1210 1255 S.
1233 1241 1278 1245 —
1303 1222 1507 1262 barbarum,
1531 1220 1636 1254 durch

956 1266 1016 1299 das
1030 1266 1124 1309 Folg.
1150 1266 1284 1308 erklart,
1309 1267 1372 1300 soll
1398 1277 1460 1299 nur
1472 1265 1532 1299 das
1546 1265 1637 1299 Star-

956 1311 1036 1344 kere
1059 1312 1283 1354 vorbereiten,
1307 1312 1401 1345 nicht
1420 1310 1636 1353 bezeichnen,

955 1356 1034 1390 dass
1059 1356 1114 1390 die
1138 1357 1270 1398 Punier,
1295 1357 1345 1390 als
1369 1357 1430 1390 mit
1453 1356 1638 1390 romischer

955 1402 1040 1436 Sitte
1073 1406 1243 1441 vertraut,
1277 1402 1369 1436 nicht
1400 1413 1441 1435 zu
1467 1401 1532 1435 den
1557 1401 1636 1434 Bar-

954 1447 1056 1480 baren
1092 1447 1212 1490 gehort
1242 1447 1370 1481 hatten.
1394 1466 1439 1472 -
1467 1447 1636 1487 facunde,

955 1491 1058 1525 durch
1073 1492 1133 1526 das
1146 1492 1398 1525 Einnehmende
1411 1492 1520 1526 seiner
1532 1491 1635 1526 Rede.

954 1556 998 1562 --
1011 1540 1201 1578 insuetan„
1214 1538 1280 1570 wie
1294 1540 1347 1579 23,
1363 1540 1414 1578 18,
1432 1539 1471 1571 10
1486 1537 1531 1570 ist
1543 1537 1637 1570 nicht

954 1583 1062 1616 sicher
1086 1593 1127 1616 zu
1147 1583 1329 1624 erkennen,
1353 1583 1396 1615 ob
1409 1584 1535 1615 morib.
1561 1582 1636 1616 Dat.

956 1628 1036 1662 oder
1066 1628 1141 1662 Abl.
1174 1629 1235 1661 ist:
1267 1627 1360 1661 nicht
1389 1627 1551 1671 gewohnt
1582 1637 1635 1670 an,

955 1673 1152 1707 unbekannt
1176 1674 1254 1715 mit,
1285 1673 1353 1716 vgl.
1379 1675 1411 1715 6,
1437 1674 1490 1714 34,
1515 1675 1552 1716 6;
1578 1682 1637 1706 an-

956 1718 1032 1752 ders
1057 1719 1102 1752 ist
1127 1721 1181 1759 30,
1207 1721 1261 1759 37,
1286 1720 1321 1757 8;
1349 1721 1404 1759 45,
1429 1720 1483 1760 29,
1508 1719 1546 1752 2:
1575 1728 1636 1751 un-

956 1764 1118 1806 gewohnt
1154 1764 1215 1797 fiir.
1239 1783 1283 1787 —
1312 1764 1539 1806 conciliaret,
1575 1763 1634 1806 Sp.

957 1809 1032 1848 hat,
1063 1809 1134 1842 hier
1158 1808 1248 1842 viell.
1273 1809 1442 1851 richtiger,
1468 1808 1620 1841 concilia

956 1857 1015 1892 rit,
1041 1865 1067 1888 s.
1093 1856 1148 1896 27,
1175 1856 1229 1895 34,
1254 1856 1285 1887 4.

1002 1901 1100 1932 7-8,
1125 1899 1427 1940 πῑὶναόἰὶίονεπιᾳ.,
1450 1898 1533 1931 iiber
1557 1909 1635 1941 que,

955 1954 981 1977 s.
1009 1944 1029 1987 ξ
1049 1946 1076 1977 1.
1111 1943 1252 1985 SubJect
1276 1954 1316 1976 zu
1340 1943 1479 1982 ferebat
1501 1943 1546 1976 ist
1570 1943 1635 1977 wie

954 1988 1521 2068 Sle⁷2{3⁹3⁸6'ec{{{i‘{102³{2ffm35
1548 1989 1635 2068 3¹³1?

955 2082 1008 2120 34,
1038 2081 1090 2120 28,
1116 2081 1147 2112 3.
1194 2078 1258 2112 Der
1294 2079 1371 2112 Satz
1407 2044 1450 2112 ith
1486 2060 1543 2112 mii
1571 2060 1634 2112 ’(1ῑέ

953 2124 1095 2157 Ansicht
1107 2123 1310 2157 Hasdrubals
1332 2124 1480 2158 scharfer
1491 2134 1533 2157 zu
1546 2134 1635 2157 mar-

954 2170 1068 2203 kieren
1093 2169 1186 2202 nicht
1209 2169 1303 2202 mehr
1315 2180 1382 2203 von
1396 2173 1436 2202 ut
1452 2169 1634 2213 abhangig‚

955 2225 983 2248 c.
1010 2216 1064 2256 23,
1088 2216 1124 2252 2:
1153 2216 1206 2252 30,
1233 2217 1285 2256 30,
1310 2217 1340 2249 8.
1371 2233 1416 2238 -
1447 2225 1633 2257 congresso

956 2270 1042 2301 cor„
1074 2259 1127 2292 bei
1151 2259 1208 2292 der
1234 2259 1468 2302 personlichen
1493 2260 1633 2293 Zusam-

954 2304 1149 2342 menkunst:
1175 2304 1310 2338 {ihnlich
1334 2305 1406 2339 Pol.
1432 2315 1461 2338 c.
1490 2307 1532 2338 24
1547 2314 1577 2346 a,
1593 2307 1631 2344 4;

955 2350 1042 2402 App.
1067 2350 1115 2402 lb.
1141 2351 1202 2383 30:
1231 2348 1371 2402 λέγῃ-αι
1394 2369 1422 2401 -ἔ-
1447 2349 1563 2404 elafii:
1576 2345 1634 2400 3:ss

954 2393 1634 2487 aaz&532232203'522925225

956 2485 1070 2528 Scipio
1096 2485 1180 2518 wird
1201 2485 1273 2519 hier
1286 2486 1409 2519 ebenso
1423 2495 1490 2518 von
1505 2485 1632 2519 seinem

957 2530 1087 2574 Gegner
1120 2531 1236 2574 gelobt
1259 2531 1324 2564 wie
1350 2532 1405 2573 21,
1430 2531 1485 2572 39,
1509 2531 1529 2564 8
1559 2530 1631 2564 sein
