1732 2840
126 833 175 870 35

188 91 270 131 212

618 90 742 124 LIBER
766 89 910 123 XXVIII.
960 89 1052 123 CAP.
1078 91 1131 123 34.
1159 90 1213 123 35.

1469 106 1496 127 a.
1515 106 1543 126 u.
1562 100 1623 134 515.

190 219 296 248 arma
319 207 366 246 iis
388 206 660 257 adempturum
681 216 796 256 neque
817 203 958 243 obsides
979 206 1258 256 imperaturum
1272 233 1281 251 ,
1304 203 1452 256 quippe
1473 215 1516 242 63
1537 203 1624 255 pig-

191 277 283 304 nera
304 262 526 302 timentium
549 260 804 300 rebellionem
827 272 932 308 esse;
956 272 996 299 se
1015 260 1158 300 liberos
1180 260 1239 309 iis,
1261 272 1366 300 arma
1388 258 1624 312 relinquere,

133 328 170 359 10
191 321 457 361 solutosmetu
470 318 644 366 animos;
664 329 791 369 neque
811 328 852 356 56
870 317 910 356 111
928 316 1288 365 ohsidesinnoxios,
1309 317 1377 356 sed
1394 316 1434 355 in
1452 317 1572 369 ipsos,
1592 317 1625 355 si

192 376 418 424 defecerint,
441 375 691 422 saeviturum,
714 386 787 413 nec
804 373 850 412 311
873 373 1013 413 inermi
1030 374 1096 413 sed
1113 373 1160 413 ab
1178 379 1324 413 armato
1345 375 1456 413 hoste
1477 385 1626 426 poenas

195 433 478 486 expetiturum:
502 438 714 483 utrumque
731 430 899 483 expertis
920 430 1147 483 permittere
1164 443 1262 479 sese,
1283 436 1415 470 utrum
1432 430 1626 483 propitios

133 497 168 530 11
191 503 238 531 an
263 491 382 529 iratos
402 488 546 528 habere
566 487 766 527 Romanos
794 487 969 526 mallent.
1015 487 1068 527 ita
1097 487 1281 527 dimissus
1301 487 1536 526 Mandonius
1557 499 1627 539 pe-

193 547 307 587 cunia
328 545 599 586 tantummodo
621 545 830 597 imperata,
865 557 910 582 ex
939 556 1014 596 qua
1044 544 1283 597 stipendium
1304 543 1417 582 militi
1439 542 1627 596 praestari

135 609 171 642 12
192 608 347 657 posset3
377 603 461 655 ipse
489 602 633 641 Marcio
656 601 696 640 in
728 600 955 640 ulteriorem
978 600 1205 653 Hispaniam
1228 600 1464 653 praemisso,
1493 600 1625 640 Silano

193 660 455 700 Tarraconem
485 659 649 698 remisso
679 670 826 711 paucos
856 663 1031 697 moratus
1059 657 1162 706 dies,
1186 658 1278 697 dum
1300 658 1529 710 imperatam
1559 669 1627 709 pe-

195 718 351 757 cuniam
371 716 560 767 Ilergetes
580 721 919 768 pernumerarent,
941 726 1028 754 cum
1052 714 1240 767 expeditis
1255 714 1442 754 Marcium
1464 714 1540 754 iam
1561 714 1627 753 ad-

196 774 531 827 propinquantem
554 771 712 812 Oceano
734 771 974 823 adsequitur.

309 830 495 869 Incohata
515 842 578 868 res
598 829 673 868 iam
696 836 785 868 ante
807 828 853 867 de
870 827 1072 867 Masinissa
1089 827 1174 866 aliis
1195 833 1312 879 atque
1332 827 1418 866 aliis
1438 827 1485 866 de
1502 826 1630 866 causis

195 888 310 927 dilata
333 892 434 933 erat,
458 886 563 938 quod
582 885 748 925 Numida
770 897 858 924 cum
881 885 968 937 ipso
989 884 1125 936 utique
1148 883 1335 935 congredi
1357 883 1542 936 Scipione
1562 895 1630 921 vo-

194 944 295 984 lebat
317 950 433 996 atque
455 943 539 982 eius
559 943 691 982 dextra
720 942 836 981 fidem
859 942 1031 981 sancire:
1061 954 1104 980 ea
1135 946 1218 980 tum
1250 940 1403 980 itineris
1423 947 1500 979 tam
1521 939 1630 991 longi

155 1007 175 1040 2
196 1014 240 1041 ac
261 1006 339 1040 tam
369 1000 468 1039 devii
492 1012 605 1039 causa
628 998 804 1051 Scipioni
836 999 921 1037 fuit.
974 997 1177 1037 Masinissa
1210 1010 1299 1036 cum
1321 995 1494 1036 Gadibus
1516 1002 1630 1045 esset,

197 1057 342 1097 certior
358 1057 564 1096 adventare
582 1068 670 1095 eum
689 1068 709 1094 a
728 1055 871 1094 Marcio
894 1055 1032 1102 sactus,
1054 1055 1264 1102 causando,
1286 1053 1487 1106 corrumpi
1509 1065 1633 1105 equos

198 1114 374 1154 inclusos
395 1114 435 1152 in
466 1112 592 1152 insula
613 1112 898 1165 penuriamque
920 1112 1096 1150 omnium
1126 1124 1256 1150 rerum
1279 1117 1315 1150 et
1346 1111 1472 1150 facere
1494 1110 1634 1149 ceteris

154 1178 173 1210 3
195 1177 233 1211 et
254 1171 361 1223 ipsos
382 1169 550 1217 sentire,
578 1170 624 1208 ad
654 1170 730 1208 hoc
761 1169 930 1221 equitem
953 1180 1192 1207 marcescere
1223 1167 1389 1215 desidia,
1425 1167 1632 1218 Magonem
1682 1216 1689 1219 χ

199 1227 385 1280 perpulit,
407 1232 452 1266 ut
469 1239 510 1265 se
531 1226 695 1265 traicere
713 1225 753 1264 in
771 1225 1040 1265 continentem
1057 1225 1102 1264 ad
1120 1224 1418 1276 depopulandos
1434 1223 1634 1276 proximos

157 1289 176 1322 4
198 1284 408 1337 Hispaniae
430 1294 545 1334 agros
565 1288 779 1335 pateretur.
830 1288 1099 1333 transgressus
1127 1282 1197 1320 tris
1227 1280 1427 1333 principes
1447 1280 1633 1320 Numida·
1694 1295 1707 1306 ³

195 1353 284 1381 rum
306 1340 518 1394 praemittit
539 1340 584 1379 ad
606 1345 762 1391 tempus
782 1338 992 1390 locumque
1009 1337 1221 1389 conloquio
1239 1337 1503 1377 statuendum.
1535 1337 1634 1376 duos

202 1410 275 1451 pro
293 1396 496 1436 obsidibus
515 1396 676 1435 retineri
698 1395 744 1435 311
763 1395 949 1447 Scipione
970 1395 1091 1442 iubet,
1113 1394 1277 1434 remisso
1300 1394 1429 1441 terti0‚
1453 1394 1532 1445 qui,
1555 1405 1634 1445 quo

197 1517 240 1522 -
264 1499 430 1540 pignera,
456 1497 488 1536 9,
517 1498 569 1537 15,
595 1498 628 1533 7;
657 1497 710 1537 24,
739 1498 766 1534 1,
793 1497 881 1528 7.-

198 1544 326 1576 liberos
340 1544 395 1584 iis,
420 1540 507 1574 nach
517 1540 666 1583 Madvig,
690 1541 734 1573 ist
759 1540 808 1574 als
823 1550 881 1583 ge-

198 1598 322 1622 nauere
334 1587 570 1629 Bestimmung
587 1596 653 1619 von
669 1586 804 1618 obsides
825 1596 882 1618 33-

199 1632 593 1676 gemessen.—solutos
617 1635 712 1664 metu
739 1634 823 1671 (was
848 1631 880 1664 in

198 1679 236 1713 P.
262 1678 363 1718 fehlt,
388 1677 459 1721 vgl.
487 1679 637 1718 6,11,6;
665 1678 765 1718 8,32,
783 1679 814 1718 1)
840 1677 883 1709 151

197 1720 389 1767 Folgerung
403 1733 462 1756 aus
476 1722 551 1755 dem
567 1721 742 1765 Vorherg.,
766 1721 806 1754 da
830 1722 883 1754 die

199 1769 335 1803 Geiseln
376 1768 444 1801 und
492 1767 546 1800 die
589 1767 884 1810 Waffenlosigkeit

200 1815 336 1847 Fesseln
362 1813 455 1854 sind,
481 1823 506 1846 5.
534 1814 587 1853 23,
613 1815 645 1853 4,
670 1814 702 1854 8,
733 1812 800 1845 und
825 1812 884 1845 der

198 1859 307 1892 Kiirze
336 1868 457 1901 wegen
490 1868 556 1890 von
590 1858 791 1899 relinquet-e
825 1857 883 1890 ab·

199 1904 326 1947 hangig
352 1902 527 1946 gemacht,
561 1905 619 1935 st.:
654 1907 694 1935 ut
724 1903 834 1935 soluti
857 1922 884 1926 —

202 1953 313 1982 essent
337 1948 391 1981 od.
417 1959 488 1980 esse
510 1951 663 1990 possent.

250 1995 390 2028 11—12.
416 1996 569 2037 pecunia
588 1997 662 2034 etc„
687 2002 749 2025 nur
774 1992 883 2025 dieses

202 2039 354 2074 erwahnt
388 2040 476 2082 App.
508 2049 537 2071 e.
571 2040 624 2071 37.
650 2057 693 2061 —
722 2037 885 2080 stipend„

202 2085 243 2118 da
276 2085 330 2118 die
362 2084 399 2117 P.
436 2084 505 2117 und
546 2083 599 2116 die
636 2083 778 2116 meisten
810 2082 884 2116 1155.

199 2130 422 2173 praesidium
448 2129 574 2172 haben,
599 2128 643 2162 ist
667 2128 758 2162 viell.
782 2139 885 2171 prae-

202 2186 280 2208 sens
310 2177 390 2217 stip.
423 2185 463 2207 zu
498 2174 608 2213 16563;
643 2173 702 2207 (161
732 2184 760 2207 c.
787 2175 840 2215 32,
869 2176 883 2206 1

202 2220 422 2264 ausgezahlte
452 2219 535 2252 Sold
568 2229 638 2252 war
668 2218 886 2261 riickstandig

203 2275 373 2309 gewesen.
410 2284 455 2289 —
499 2265 623 2297 Silano
668 2283 696 2287 —
741 2266 886 2296 remisso

203 2311 335 2344 scheint
353 2309 410 2354 Sp.
436 2310 562 2353 gehabt
586 2320 626 2342 zu
651 2309 771 2351 haben,
797 2310 828 2341 in
848 2309 884 2342 P.

204 2356 248 2389 ist
280 2355 339 2388 der
364 2356 441 2389 Satz
474 2355 559 2388 nach
583 2357 777 2397 praemisso
809 2364 887 2387 aus-

205 2400 368 2443 gefallen‘3
399 2401 487 2434 ohne
511 2400 693 2434 denselben
721 2400 809 2433 ware
834 2399 887 2432 die

205 2445 471 2489 Wiederholung
502 2456 569 2478 von
603 2445 778 2478 Marcium
816 2444 886 2477 auf-

206 2490 346 2529 fallend;
373 2491 455 2524 iiber
478 2493 670 2534 praemisso
692 2510 720 2514 —
742 2492 885 2522 remisso

206 2545 233 2569 5.
262 2537 316 2577 26,
341 2538 394 2577 44,
424 2538 459 2579 1;
486 2538 540 2578 25,
566 2538 621 2577 37,
648 2539 680 2575 1;
708 2537 885 2577 33,18,18

951 1496 1171 1528 u.a.-iam
1197 1494 1310 1536 adm„
1335 1503 1370 1526 er
1394 1493 1468 1526 holt
1491 1493 1548 1526 ihn
1567 1496 1636 1526 erst

952 1541 1019 1581 ein,
1043 1540 1093 1573 als
1118 1550 1154 1573 er
1178 1539 1311 1580 bereits,
1337 1549 1362 1571 5.
1388 1549 1416 1571 c.
1443 1540 1497 1578 26,
1523 1541 1553 1572 7.

996 1606 1058 1642 35.
1093 1606 1312 1649 Verbindung
1347 1607 1408 1638 mit
1440 1605 1635 1646 Masinissa;

952 1653 1234 1696 Appian.1b.37;
1260 1652 1330 1685 Lib.
1347 1653 1405 1690 10;
1431 1651 1511 1684 Zon.
1527 1653 1558 1693 9,
1577 1653 1635 1689 11;

952 1698 1011 1732 511.
1037 1698 1075 1731 11.
1104 1700 1153 1739 16,
1182 1700 1257 1732 136.

1002 1768 1097 1799 1—4.
1125 1766 1311 1807 incohata,
1340 1765 1409 1808 vgl.
1436 1766 1490 1805 29,
1518 1765 1571 1804 23,
1598 1766 1636 1798 3:

953 1813 1083 1844 mencio
1110 1812 1288 1843 incohata.
1313 1829 1357 1834 —
1382 1821 1438 1842 res
1463 1809 1521 1851 de,
1551 1819 1578 1843 s.
1604 1811 1636 1851 6,

955 1859 1008 1898 38,
1026 1859 1062 1889 1:
1088 1867 1257 1899 suspensa
1284 1855 1326 1887 de
1351 1855 1487 1897 legibus
1503 1865 1579 1895 7·es,·
1605 1856 1636 1895 2,

954 1903 1007 1944 22,
1034 1905 1072 1935 5:
1105 1901 1146 1933 de
1171 1900 1313 1939 foedere
1337 1919 1364 1924 —
1388 1910 1483 1940 rem,·
1516 1902 1548 1941 4,
1581 1901 1637 1941 43,

955 1950 993 1985 5;
1012 1948 1066 1986 26,
1085 1949 1135 1987 15,
1150 1947 1188 1985 9;
1210 1947 1259 1986 10,
1274 1947 1304 1984 8,
1322 1947 1335 1978 1
1350 1956 1356 1976 :
1372 1947 1514 1986 integra
1528 1955 1638 1978 causa

956 2011 981 2014 ᾈ
998 1991 1040 2023 de
1064 1991 1284 2023 sacerdotiis.
1332 1990 1397 2022 Zur
1422 1990 1530 2023 Sache
1555 2000 1581 2023 s.
1608 2001 1636 2025 c.

958 2039 1009 2079 16,
1038 2039 1089 2069 11.
1115 2055 1159 2060 —
1185 2036 1313 2068 demit-a
1347 2046 1379 2068 n.
1415 2039 1579 2078 accepta,
1611 2045 1637 2068 5.

956 2084 1009 2123 25,
1026 2083 1076 2123 16,
1095 2084 1146 2115 13.
1160 2100 1203 2105 -
1218 2081 1321 2122 devii,
1335 2091 1402 2114 von
1416 2080 1491 2114 dem
1505 2080 1639 2114 Punkte

955 2137 1026 2166 aus,
1052 2137 1106 2159 wo
1134 2137 1167 2159 er
1186 2128 1275 2168 Jetzt
1300 2136 1379 2159 war.
1427 2126 1470 2159 Es
1503 2127 1547 2160 ist
1580 2125 1639 2159 der

955 2172 1055 2205 dritte
1087 2172 1160 2215 Zug
1194 2172 1227 2205 in
1264 2171 1357 2205 diese
1388 2171 1568 2214 Gegenden
1604 2170 1638 2204 13

956 2217 1082 2251 diesem
1107 2217 1218 2250 Jahre.
1259 2217 1346 2250 Gad.
1372 2227 1446 2256 ess,
1471 2216 1639 2260 dagegen,

956 2263 1026 2306 vgl.
1054 2274 1082 2296 c.
1113 2265 1164 2304 16,
1194 2265 1245 2296 11.
1271 2264 1470 2305 penuriam,
1497 2261 1550 2295 die
1576 2271 1638 2295 nur

955 2308 1059 2341 durch
1095 2308 1191 2341 einen
1228 2307 1399 2341 schmalen
1430 2306 1522 2340 Sund
1559 2317 1638 2339 vom

955 2354 1135 2386 Continent
1161 2356 1338 2396 getrennte
1350 2352 1418 2386 und
1432 2352 1493 2385 mit
1512 2351 1638 2385 diesem

957 2398 1061 2431 durch
1076 2399 1150 2432 eine
1164 2398 1296 2432 Briicke
1310 2397 1526 2432 verbundene
1539 2397 1639 2438 13561,

956 2444 1016 2477 auf
1037 2443 1095 2476 der
1120 2444 1229 2478 Gades
1260 2444 1358 2487 liegt,
1393 2443 1437 2476 ist
1466 2442 1568 2475 klein.
1593 2461 1638 2466 —

959 2488 1145 2532 Magonem
1170 2490 1214 2523 ist
1237 2490 1270 2522 in
1296 2489 1334 2522 P.
1360 2487 1637 2530 ausgesallen.-

958 2537 1023 2567 tris
1048 2538 1122 2576 etc,
1149 2545 1174 2569 5.
1202 2536 1256 2576 24,
1281 2536 1336 2576 48,
1362 2535 1398 2572 2;
1425 2536 1456 2567 9.
