1732 2840
214 119 268 159 36
643 120 764 153 LIBER
788 119 901 153 XXIX.
950 120 1043 154 GAP.
1073 123 1124 154 15.
1152 122 1202 155 16.

1484 138 1510 158 a.
1531 134 1559 158 u.
1577 133 1639 160 550.

217 247 348 275 earum
379 234 621 273 coloniarum
643 233 824 273 consules
856 245 945 272 cum
975 233 1138 273 militem
1169 234 1484 287 stipendiumque
1514 235 1638 287 impe-

216 297 386 335 rassent,
419 290 481 329 alii
512 290 595 329 aliis
626 290 749 340 magis
776 302 957 329 recusare
986 303 1030 329 ac
1060 291 1290 339 reclamare,
1322 303 1464 342 negare
1487 296 1641 330 tantum
1702 325 1708 332 .

158 355 196 387 12
217 347 381 386 militum
405 346 504 385 effici
528 358 661 398 posse3
683 346 763 393 vix,
785 346 816 385 si
838 346 1023 398 simplum
1044 359 1089 386 ex
1110 347 1274 386 formula
1297 348 1534 399 imperetur,
1556 347 1639 387 eni-

218 415 352 450 suros3
380 414 490 441 orare
512 410 627 454 atque
649 403 866 449 obsecrare,
896 409 938 441 ut
959 403 1032 441 sibi
1054 409 1228 442 senatum
1251 404 1355 443 adire
1377 416 1420 443 ac
1440 404 1641 456 deprecari

160 467 196 500 13
216 460 362 498 liceret.
404 459 500 497 nihil
523 471 563 498 se
577 489 586 504 ,
610 471 727 510 quare
749 459 878 511 perire
898 460 1036 498 merito
1058 460 1257 508 deberent,
1278 460 1499 509 admisissc;
1521 461 1587 500 sed
1609 461 1643 500 si

216 515 462 567 pereundum
481 515 594 554 etiam
612 516 724 562 foret,
748 528 876 567 neque
898 528 1011 555 suum
1034 515 1217 555 delictum
1242 529 1367 568 neque
1388 517 1483 556 iram
1504 516 1642 569 populi

216 571 403 619 Romani,
435 577 478 610 ut
500 572 588 623 plus
608 571 776 610 militum
798 573 953 620 darent,
979 584 1093 623 quam
1114 572 1315 620 haberent,
1337 585 1451 625 posse
1474 573 1640 612 efficere.

159 636 194 668 14
217 628 400 667 consules
421 627 606 666 obstinati
628 628 775 678 legatos
795 640 952 668 manere
973 628 1118 667 Romae
1139 629 1287 676 iubent,
1315 629 1566 680 magistratus
1586 629 1642 668 ire

217 684 375 723 domum
411 684 457 722 ad
487 684 651 722 dilectus
681 684 902 723 habendos:
935 685 1010 723 nisi
1042 697 1189 724 summa
1221 685 1409 732 militum,
1440 698 1539 737 quae
1570 686 1642 724 im-

219 747 349 792 perata
381 747 500 788 esset,
531 740 694 779 Romam
728 741 911 788 adducta,
944 741 1139 780 neminem
1170 741 1216 780 iis
1239 748 1416 781 senatum
1448 743 1642 781 daturum.

161 804 196 836 15
218 797 270 835 ita
300 796 472 848 praecisa
503 809 572 848 spe
601 804 778 836 senatum
809 798 975 836 adeundi
1004 798 1316 849 deprecandique
1347 798 1512 837 dilectus
1534 799 1575 837 in
1596 798 1644 837 iis

218 853 424 891 duodecim
459 852 645 900 coloniis,
683 866 753 905 per
787 854 942 904 longam
976 854 1215 893 vacationem
1253 866 1415 893 numero
1446 854 1644 894 iuniorum

218 914 345 956 aucto,
366 909 467 947 haud
491 909 698 948 difficulter
719 916 775 949 est
796 911 1003 962 perfectus.

332 965 458 1004 Altera
482 965 573 1003 item
595 978 678 1013 res,
700 979 824 1018 prope
845 979 968 1018 aeque
989 966 1106 1017 longo
1130 966 1302 1005 neclecta
1324 966 1477 1006 silentio
1491 996 1500 1013 ‚
1527 967 1645 1006 relata

219 1033 238 1060 a
261 1021 310 1059 M.
334 1021 485 1060 Valerio
508 1021 674 1060 Laevino
698 1029 770 1070 est,
798 1023 863 1074 qui
886 1022 1044 1074 privatis
1065 1023 1237 1061 conlatas
1258 1023 1445 1075 pecunias
1467 1036 1508 1062 se
1528 1036 1572 1063 ac
1592 1023 1642 1062 M.

178 1084 197 1116 2
220 1076 378 1116 Claudio
408 1077 637 1116 consulibus
657 1079 765 1117 reddi
794 1079 950 1117 tandem
979 1091 1147 1130 aequum
1168 1091 1252 1117 esse
1273 1079 1386 1127 dixit;
1417 1092 1490 1119 nec
1514 1079 1646 1118 mirari

219 1145 452 1184 quemquam
475 1134 628 1183 dehere,
651 1135 691 1173 in
713 1135 867 1186 publica
891 1135 1057 1185 obligata
1080 1136 1154 1174 fide
1175 1147 1283 1174 suam
1306 1137 1554 1188 praecipuam
1576 1148 1645 1175 cu-

218 1201 300 1228 ram
322 1202 424 1228 esse:
459 1202 547 1229 nam
577 1196 846 1242 praeterquam
872 1192 974 1242 quod
1004 1191 1149 1242 aliquid
1167 1192 1339 1243 .pr0prie
1367 1193 1412 1231 ad
1443 1192 1645 1232 consulem

218 1245 301 1284 eius
313 1246 419 1293 anni,
437 1259 514 1297 quo
531 1246 707 1286 conlatae
721 1247 912 1299 pecuniae
928 1254 1071 1295 essent,
1087 1248 1315 1299 pertineret,
1332 1249 1444 1287 etiam
1458 1261 1499 1288 se
1511 1254 1644 1288 aucto-

222 1368 250 1400 1.
283 1385 326 1390 —
360 1366 471 1406 effici,
516 1367 736 1410 aufgebracht
772 1368 897 1410 werde,

218 1410 342 1444 konne.
367 1431 410 1435 —
435 1413 609 1454 simplum,
638 1423 663 1445 s,
687 1413 752 1454 §6.
768 1413 898 1451 —for-

218 1457 316 1489 mula
341 1457 396 1498 27,
424 1459 476 1497 10,
499 1459 529 1490 2.
569 1460 699 1490 enisur.
726 1457 815 1490 kann
841 1458 896 1490 ab·

219 1501 308 1534 solut
335 1501 517 1543 gebraucht
543 1502 613 1534 sein
642 1502 722 1535 oder
746 1502 805 1535 das
831 1502 898 1535 Ob-

213 1547 285 1587 jeet
310 1555 370 1578 aus
399 1546 474 1578 dem
500 1547 810 1590 Znsammenhange
842 1558 898 1590 ge·

219 1590 321 1623 dacht
338 1590 484 1631 werden,
511 1591 576 1634 vgl.
593 1593 644 1634 27,
663 1595 714 1632 10,
729 1595 767 1625 4:
795 1595 898 1624 enixe

218 1635 391 1675 facturos,
418 1655 461 1659 —
488 1647 597 1678 quare
612 1648 648 1679 p.
669 1648 711 1669 m.
735 1637 782 1678 d.,
807 1641 901 1670 sonst

219 1680 361 1713 braucht
385 1680 418 1712 L.
447 1680 598 1723 litiufiger
632 1693 716 1713 cur:
749 1683 797 1715 sie
831 1682 901 1715 hat-

209 1720 277 1757 'ten
302 1725 365 1758 den
381 1725 467 1758 Ruin
494 1726 551 1759 der
565 1727 699 1760 Staaten
720 1727 813 1760 nicht
827 1737 899 1760 ver-

218 1770 321 1802 dient.
346 1789 390 1794 —
414 1773 446 1802 si
470 1790 492 1792 —
523 1773 647 1813 etiam,
678 1772 737 1805 das
762 1772 901 1805 letztere

220 1815 285 1847 soll
320 1825 382 1847 nur
416 1825 456 1847 zu
488 1817 706 1857 pereundum
736 1817 901 1860 gehfiren:

220 1869 319 1891 wenn
346 1869 446 1902 sogar
467 1859 524 1892 der
538 1860 734 1904 Untergang
751 1862 900 1905 ersolgen

220 1903 333 1941 sollte,
366 1904 434 1946 vgl.
462 1907 491 1943 5,
519 1908 549 1945 6,
575 1908 611 1942 2;
638 1907 702 1938 Cic.
728 1906 769 1938 de
794 1917 839 1939 or.
871 1910 898 1947 1,

221 1950 277 1989 33,
306 1950 385 1981 152:
413 1951 518 1980 eliam
543 1951 657 1982 subito
682 1953 714 1982 ει·
738 1951 846 1984 dicat.

270 1995 410 2027 14—15.
436 1997 598 2036 magistr.
618 1997 688 2035 i7·e,·
713 1995 832 2028 anders
850 1996 898 2028 als

221 2039 241 2079 ἓ
268 2040 303 2075 8;
333 2038 412 2070 aber
436 2038 489 2071 die
515 2039 722 2083 Aushebung
747 2040 896 2073 konnten

222 2093 284 2115 nur
309 2083 357 2115 sie
383 2083 564 2117 halten.—
586 2085 725 2117 domum
751 2096 782 2118 n.
801 2085 898 2126 jeder

220 2128 378 2161 Einzelne
403 2128 435 2160 in
466 2129 558 2162 seine
584 2129 756 2172 Heimath,
789 2140 816 2163 s.
844 2133 897 2172 25,

226 2174 277 2213 10,
304 2175 361 2205 10:
389 2173 502 2215 doma,
526 2185 551 2207 s.
578 2185 618 2207 zu
645 2177 675 2212 5.
694 2177 798 2218 30,8;
825 2176 899 2208 eine

221 2216 344 2250 andere
369 2217 484 2250 Lesart
508 2219 552 2251 ist
577 2220 707 2253 domos.
726 2240 769 2243 —
787 2222 897 2252 nisi—

221 2262 389 2303 addncta,
414 2273 440 2295 s.
469 2266 496 2303 1,
523 2266 576 2305 51,
604 2266 634 2297 7.

266 2307 323 2341 16.
341 2309 435 2340 1—2.
451 2309 542 2348 item,
566 2309 597 2341 in
614 2309 762 2351 gleicher
775 2310 898 2350 Weise,

221 2351 286 2384 wie
311 2351 370 2384 das
396 2351 614 2396 Vorhergeh„
646 2356 722 2397 spat
750 2354 816 2386 und
843 2355 902 2387 auf

221 2397 404 2439 Anregung
445 2397 504 2430 des
541 2398 670 2432 Senats.
709 2418 749 2422 -—
786 2410 897 2442 prope

223 2451 309 2482 aeq„
323 2441 486 2475 vielmehr
500 2444 551 2475 ein
565 2443 646 2476 Jahr
660 2444 786 2486 langer,
801 2454 827 2476 s.
843 2446 896 2486 26,

222 2486 275 2525 36,
306 2486 476 2519 vielleicht
507 2488 559 2520 ein
592 2488 730 2521 lrrthum
762 2488 827 2521 Ls'.
854 2508 896 2512 -—

221 2530 335 2561 relata
362 2531 405 2562 ist
429 2541 583 2574 ungenau
610 2533 804 2576 gebraucht,
830 2533 895 2566 und

967 1378 1029 1400 nur
1054 1368 1086 1400 in
1113 1368 1189 1401 dem
1214 1369 1315 1402 Sinne
1340 1380 1380 1401 zu
1412 1369 1553 1402 nehmen
1581 1369 1645 1402 wie

967 1424 995 1445 c.
1027 1415 1077 1455 15,
1100 1415 1136 1451 ‘23
1164 1418 1199 1448 1:
1225 1416 1449 1446 subiecerunt
1472 1413 1540 1447 und
1565 1416 1644 1446 sub-

967 1460 1094 1490 iectum
1120 1463 1189 1490 est:
1215 1469 1249 1491 er
1262 1459 1468 1492 veranlasste
1493 1459 1546 1492 die
1558 1459 1643 1492 rela-

968 1503 1026 1543 tio,
1053 1503 1073 1546 §
1099 1505 1128 1544 3,
1154 1504 1265 1547 Lange
1291 1506 1320 1545 2,
1346 1506 1645 1546 385.—p⁷·1'vatis

968 1551 1033 1580 etc.
1061 1550 1113 1590 26,
1135 1551 1188 1590 36,
1208 1551 1226 1582 8
1253 1549 1358 1582 heisst
1382 1559 1416 1582 es
1441 1550 1645 1582 voluntaria

968 1593 1123 1632 collatio,
1150 1593 1338 1636 sreiwillige
1363 1593 1521 1636 Anleihe,
1545 1594 1645 1628 deren

969 1637 1250 1681 Zuriickzahlung
1280 1639 1323 1671 ib.
1358 1639 1378 1681 ξ
1411 1641 1430 1671 9
1464 1638 1556 1672 nicht
1593 1639 1647 1672 be-
1677 1642 1681 1643 ⁷
1731 1673 1732 1686 ,

969 1683 1098 1715 stimmt
1121 1684 1391 1727 ausgesprochen
1417 1684 1526 1716 ist.—
1544 1695 1580 1716 se
1605 1694 1647 1717 ac

969 1727 1028 1767 M.‚
1054 1727 1107 1760 die
1132 1733 1226 1761 sonst
1253 1729 1303 1761 bei
1328 1728 1555 1771 Zeitangaben
1587 1739 1646 1772 ge·

970 1772 1162 1806 wbhnliche
1183 1773 1420 1817 asyndetische
1433 1774 1648 1807 Zusammen·

970 1818 1118 1860 stellung
1151 1818 1209 1851 der
1242 1819 1487 1852 Consulnamen
1521 1819 1647 1852 konnte

969 1862 1041 1895 hier
1066 1863 1159 1895 nicht
1183 1863 1390 1904 stattfinden‚
1416 1863 1484 1906 vgl.
1500 1866 1578 1904 et4,
1594 1866 1646 1906 12,

973 1909 1058 1940 1.-
1076 1909 1112 1939 in
1137 1909 1233 1950 publ.
1260 1919 1290 1939 ο.
1315 1908 1363 1947 fl:
1390 1908 1543 1951 obgleich
1569 1918 1647 1942 man

969 1951 1039 1984 sich
1073 1962 1139 1984 von
1165 1953 1398 1995 Staatswegen
1433 1952 1505 1994 (der
1531 1953 1647 1995 Senat)

968 1996 1181 2038 verpflichtet
1206 1997 1302 2039 habe,
1327 2008 1353 2030 s.
1385 2001 1412 2039 t,
1440 1999 1490 2039 17,
1516 2000 1547 2040 3,
1578 1998 1646 2042 vgl.

968 2043 1000 2081 5,
1021 2043 1076 2081 47,
1091 2043 1132 2075 6:
1159 2044 1193 2073 1⁸71
1219 2043 1436 2084 per-turbatis
1461 2044 1645 2076 mentibus.

967 2105 1011 2109 —
1037 2085 1192 2128 aliquid,
1227 2087 1259 2119 in
1290 2087 1417 2130 einiger
1441 2087 1646 2132 Beziehung,

967 2141 993 2163 s.
1009 2133 1062 2171 37,
1078 2133 1130 2170 26,
1145 2134 1180 2164 4;
1209 2132 1347 2174 aliquid
1371 2135 1476 2165 etiam
1497 2134 1647 2174 inflabat

969 2178 1105 2208 animos
1116 2188 1130 2216 ,·
1155 2178 1208 2217 23,
1228 2179 1278 2217 13,
1295 2180 1332 2215 4;
1347 2179 1401 2219 30,
1417 2179 1471 2219 30,
1485 2179 1544 2212 28:
1560 2188 1646 2210 non-

967 2221 1081 2261 nz'lzz’l,·
1107 2221 1155 2254 als
1176 2221 1315 2263 Subject
1341 2222 1385 2255 ist
1410 2222 1534 2256 wieder
1559 2233 1645 2255 cura

967 2265 1048 2298 oder
1073 2266 1175 2297 reddi
1198 2269 1369 2308 pecunias
1387 2278 1427 2300 zu
1445 2267 1587 2301 denken.
1601 2286 1647 2292 —

965 2321 1081 2352 prop„
1107 2313 1161 2352 30,
1187 2313 1240 2353 26,
1258 2313 1290 2345 9.
1307 2331 1347 2335 -—
1367 2314 1471 2344 etiam
1496 2312 1561 2346 soll
1578 2312 1645 2346 wol

967 2365 1029 2387 nur
1042 2355 1104 2388 den
1119 2355 1287 2389 Nachsatz
1302 2356 1334 2389 in
1350 2356 1461 2399 Bezug
1475 2357 1534 2390 aus
1542 2367 1644 2399 prae-

967 2403 1126 2441 tet-quam
1158 2401 1406 2434 hervorheben:
1440 2412 1477 2435 so
1511 2402 1645 2434 komme

966 2446 1052 2477 noch
1080 2445 1180 2486 dazu,
1208 2446 1286 2479 dass
1311 2456 1346 2479 er
1371 2456 1468 2486 usw.,
1493 2446 1562 2489 vgl.
1589 2448 1644 2486 30,

967 2491 998 2530 6,
1023 2491 1063 2528 4;
1098 2490 1183 2524 doch
1214 2493 1304 2524 ware
1329 2491 1534 2524 natfirlicher
1559 2501 1643 2523 auc-

966 2537 1074 2566 torem
1109 2539 1216 2568 elt'am
1249 2546 1302 2576 se,
1337 2546 1364 2569 s.
1390 2537 1421 2578 3,
1445 2538 1500 2578 50,
1522 2539 1561 2575 33
1592 2538 1644 2578 10,
