1732 2840
119 169 143 188 a.
166 161 215 188 Ch.
235 162 297 187 209.

583 149 706 183 LIBER
731 149 859 183 xxvlt.
908 150 1002 184 CAP.
1032 153 1080 184 17.
1491 150 1541 188 51

117 265 226 305 ribus
248 265 377 311 sociis,
400 265 510 304 novis
531 271 760 316 suspectum
783 277 888 311 esse;
921 277 1049 316 neque
1076 276 1164 303 eum
1194 276 1235 303 se
1257 264 1546 315 reprehendere

118 333 265 361 morem
287 321 503 369 hominum,
527 321 558 360 si
581 328 709 360 tamen
732 333 877 373 anceps
900 321 1031 360 odium
1055 333 1190 368 causa,
1225 332 1302 359 uon
1325 333 1468 360 nomen
1493 322 1545 360 sa-

117 379 203 418 ciat.
249 377 384 417 merita
415 378 504 417 inde
536 390 603 417 sua
635 377 674 416 in
706 378 826 417 duces
856 376 1186 428 Carthaginiensis
1219 378 1545 422 commemoravit,
1569 385 1605 416 12

116 435 312 474 avaritiam
335 440 469 474 contra
492 446 626 473 eorum
650 434 952 485 superbiamque
985 440 1022 473 et
1052 433 1178 473 omnis
1205 433 1361 484 generis
1382 434 1545 473 iniurias

116 492 154 530 in
178 503 219 531 se
240 497 357 541 atque
379 491 593 542 popularis.
636 491 766 542 itaque
788 503 933 542 corpus
956 490 1153 529 dumtaxat
1183 502 1298 529 suum
1319 490 1366 529 ad
1389 490 1425 529 id
1449 496 1544 530 tem·
1568 497 1603 529 13

115 560 190 600 pus
210 548 312 599 apud
335 560 402 587 eos
432 548 573 595 fuisse;
605 547 775 586 animum
809 547 882 586 iam
915 547 1063 598 pridem
1095 546 1147 585 ibi
1175 558 1280 593 esse,
1313 546 1377 585 ubi
1411 546 1472 586 ius
1502 559 1546 586 ac

116 605 171 644 fas
193 602 399 643 crederent
419 604 505 643 coli.
549 603 595 642 ad
618 604 710 643 deos
734 615 892 655 quoque
913 603 1126 654 confugere
1148 602 1363 654 supplices,
1386 604 1452 654 qui
1476 615 1544 642 ne-

115 667 260 712 queant
281 660 482 699 hominum
506 661 580 699 vim
602 666 717 711 atque
739 660 902 699 iniurias
920 660 1016 711 pati:
1049 672 1090 699 se
1112 659 1149 698 id
1172 659 1397 710 Scipionem
1419 671 1544 707 orare,
1568 666 1604 698 14

114 724 157 756 ut
178 716 354 756 transitio
376 716 449 756 sibi
473 729 545 756 nec
573 717 698 755 fraudi
722 717 825 768 apud
856 729 944 756 eum
976 728 1049 755 nec
1078 716 1220 755 honori
1249 715 1319 763 sit3
1352 715 1477 766 qualis
1499 728 1545 754 cx

115 787 158 813 ea
180 774 240 813 die
262 773 505 825 experiundo
528 774 721 824 cognorit,
743 773 905 824 perinde
928 785 1069 824 operae
1091 784 1226 811 eorum
1249 772 1418 823 pretium
1440 772 1544 810 sace-

113 837 184 870 ret.
227 830 276 870 ita
294 842 458 881 prorsus
475 830 688 881 respondet
704 830 898 868 facturum
915 829 1127 877 Romanus,
1152 840 1225 868 nec
1241 840 1313 880 pro
1331 828 1543 879 transfugis
1566 836 1602 867 15

113 886 358 933 habiturum,
391 886 458 937 qui
490 899 569 925 non
601 886 782 925 duxerint
810 886 1034 925 societatem
1060 891 1202 934 ratam,
1233 885 1300 924 ubi
1331 897 1403 924 nec
1426 884 1543 923 divini

114 943 323 995 quicquam
356 955 430 982 nec
452 943 610 981 humani
633 947 809 982 sanctum
832 947 946 981 esset.
988 942 1200 993 productae
1222 941 1362 980 deinde
1388 940 1428 979 in
1452 952 1546 979 con·
1569 947 1605 979 16

113 1007 289 1051 spectum
315 1000 346 1038 is
368 999 556 1050 coniuges
586 999 778 1050 liberique
802 997 1110 1037 lacrumantibus
1141 997 1281 1047 gaudio
1312 997 1548 1036 redduntur.-

112 1062 227 1108 atque
260 1068 305 1094 eo
328 1055 388 1094 die
412 1056 449 1094 in
472 1054 687 1106 hospitium
718 1055 895 1097 abducti:
929 1060 1087 1106 postero
1118 1054 1179 1093 die
1209 1053 1365 1093 foedere
1387 1059 1545 1105 accepta
1568 1060 1604 1091 17

49 1118 54 1120 '
111 1113 226 1160 fides,
262 1111 490 1162 dimissique
521 1111 567 1150 ad
599 1111 732 1163 copias
767 1111 1027 1150 adducendas.
1073 1110 1195 1149 isdem
1232 1110 1372 1149 deinde
1408 1110 1544 1150 castris

112 1167 335 1216 tendebant,
358 1168 483 1207 donec
505 1167 670 1207 ducibus
692 1167 724 1206 is
745 1168 791 1206 ad
814 1168 965 1207 hostem
987 1172 1217 1219 perventum
1241 1172 1310 1206 est.

109 1281 198 1311 —si
221 1282 348 1318 lamen,
372 1277 642 1311 beschr'ankend:
663 1277 789 1319 jedoch

111 1333 172 1357 nur
185 1323 284 1365 dann,
309 1333 628 1366 wenn.—anceps,
655 1323 789 1356 beibei-

109 1369 173 1402 den
200 1368 363 1409 Parteien,
389 1368 447 1401 der
471 1368 696 1408 verlassenen,
720 1368 787 1401 und

109 1414 179 1455 der,
192 1424 233 1446 zu
248 1414 394 1447 welcher
408 1424 443 1447 er
454 1413 628 1455 fibergeht.
638 1424 787 1446 -αυαν,

108 1469 197 1512 sup,
223 1461 277 1499 22,
290 1461 344 1499 59,
363 1461 417 1496 14;
439 1458 508 1491 Pol.
523 1469 552 1491 c.
567 1461 620 1499 36,
635 1461 673 1492 3:
702 1457 789 1490 αετά

109 1502 151 1537 τὸ
176 1517 255 1546 uxr
259 1514 319 1536 σαι
343 1516 410 1547 μεν
435 1502 495 1536 τὰς
518 1499 705 1546 Ρωααίων
731 1501 787 1536 ὃν·

108 1548 246 1592 νάμειε,
279 1545 490 1600 ᾇποκτεῖναι
515 1545 554 1581 δὲ
580 1547 659 1581 τοὺς
684 1560 789 1581 στοα-

107 1605 274 1647 Tryyoz·3—
286 1604 527 1648 υπεθηφανίῌς
545 1594 704 1639 έχθῶντθ
717 1595 790 1626 Τοῖς

107 1639 199 1673 κατὰ
223 1652 289 1681 τνν
313 1637 437 1684 χώοαν
462 1643 537 1680 etc„
573 1628 641 1682 vgl.
667 1639 720 1671 die
746 1649 787 1671 zu

109 1686 163 1725 26,
188 1687 242 1724 41,
269 1686 311 1717 20
337 1694 413 1726 ang
441 1684 490 1716 St.

158 1731 299 1763 13-14.
325 1739 452 1771 corpus
483 1731 561 1769 etc„
591 1739 617 1762 s.
651 1730 704 1768 39,
730 1731 785 1771 47,

113 1776 168 1808 1οτ
214 1774 368 1807 obsidem
413 1775 505 1805 enim
549 1785 584 1805 se
629 1776 785 1805 animum

108 1822 182 1852 eius
201 1820 340 1860 haber-e,
367 1821 431 1851 etsi
445 1821 548 1861 palm·
565 1829 693 1861 corpus
710 1819 788 1850 red-

108 1864 250 1897 diderit.
276 1883 318 1888 —
344 1866 418 1896 iam
441 1874 497 1906 pr.
525 1875 612 1905 esse,
639 1873 664 1896 s.
687 1865 718 1905 9,
735 1865 788 1904 25,

108 1912 146 1944 5:
172 1912 245 1942 iam
257 1909 396 1952 pridem
414 1913 632 1951 eoeoptantes,
649 1909 718 1951 vgl.
733 1910 788 1949 39,

107 1957 162 1997 28,
181 1958 208 1988 1.
222 1974 265 1978 —
287 1956 342 1987 ius
356 1953 436 1993 anfi
452 1953 587 1987 werden
601 1954 672 1986 hier
685 1953 787 1986 durch

107 2011 149 2034 ae
174 1998 442 2043 gleichgestellt3
469 1998 683 2042 gewohnlich
712 2003 789 2042 sagt

105 2045 142 2079 L.
176 2047 231 2078 ius
255 2045 390 2087 fasque.
420 2064 455 2068 —
486 2045 534 2076 ad
557 2045 638 2076 deos
663 2055 706 2086 q.,
739 2045 788 2077 sie

107 2089 249 2124 nahmen
284 2100 324 2122 zu
355 2089 420 2122 den
452 2089 595 2122 Romern
628 2089 698 2121 ihre
724 2089 786 2121 Zu-

108 2134 231 2176 ssucht,
256 2135 320 2168 wie
339 2135 376 2176 ja
402 2134 467 2176 die,
494 2134 622 2167 welche
648 2153 673 2157 —
701 2134 786 2166 auch

107 2190 148 2213 zu
173 2179 236 2213 den
251 2179 389 2213 Gottern
406 2189 503 2221 usw,
528 2179 596 2222 vgl.
616 2181 648 2221 7,
663 2181 716 2219 30,
731 2181 784 2212 20.

106 2244 150 2249 -—-
181 2225 330 2267 perinde
361 2223 547 2267 entspricht
580 2224 651 2256 hier
683 2224 785 2265 nicht,

107 2270 172 2303 wie
186 2269 410 2312 gewohnlich,
435 2270 526 2303 einer
540 2279 581 2302 an
595 2269 685 2302 einer
698 2268 786 2301 Tha-

108 2314 229 2358 tigkeit
258 2313 362 2347 durch
390 2318 448 2355 ut,
482 2318 661 2356 tamquam
687 2324 717 2346 u.
745 2324 786 2356 a.,

106 2359 252 2394 sondern
275 2359 364 2393 einer
377 2369 418 2393 an
433 2359 523 2393 einer
536 2359 662 2392 Person
679 2358 784 2392 durch

107 2405 223 2448 qualis
249 2403 487 2437 bezeichneten
505 2403 784 2437 Beschaffenheit.

37 2444 39 2454 ⁵
88 2469 151 2486 ,—
173 2453 262 2492 pret.
288 2448 370 2488 fae„
394 2448 488 2482 ihren
510 2449 625 2482 Werth
648 2449 785 2482 bestim-

106 2505 194 2535 men,
219 2494 340 2528 anders
356 2493 460 2537 praef.
477 2497 506 2528 1.
519 2505 620 2526 —eoe
634 2505 674 2526 ea
701 2494 785 2527 nach

107 2538 614 2584 Sp„s.c.6‚19;Put.hat
637 2550 682 2571 εκ
707 2540 783 2571 hac

106 2595 308 2627 —eognor.
339 2604 364 2608 —
391 2584 537 2623 faceret,
565 2583 625 2616 das
648 2584 786 2617 letztere

860 1278 904 1311 ist
928 1277 1185 1321 Aufforderung,
1211 1287 1237 1311 s.
1264 1279 1387 1319 28,32‚
1408 1279 1462 1320 1·2;
1489 1281 1544 1319 31,

861 1325 964 1364 32,4;
992 1323 1220 1355 decernerent
1239 1342 1266 1346 -
1292 1327 1331 1355 ul
1353 1327 1543 1365 praetor—

860 1369 1013 1401 advocet.
1028 1368 1127 1401 Seine
1142 1367 1294 1401 srfiheren
1306 1367 1542 1411 Beziehungen

859 1423 899 1445 zu
914 1413 978 1446 den
993 1413 1151 1454 Romern,
1176 1423 1202 1446 s.
1229 1423 1268 1445 zu
1284 1414 1338 1454 21,
1353 1415 1407 1454 60,
1423 1417 1460 1451 7;
1487 1415 1541 1453 22,

859 1460 913 1501 21,
928 1460 946 1492 3
973 1458 1104 1491 hatder
1121 1458 1253 1491 Redner
1278 1458 1371 1491 nicht
1394 1457 1541 1491 berfihrt.

909 1505 1050 1538 15—17.
1075 1513 1235 1546 prorsus,
1260 1503 1313 1536 die
1330 1503 1407 1536 Hss.
1432 1503 1542 1536 haben

860 1548 930 1581 hier
954 1548 1022 1581 und
1047 1558 1076 1582 c.
1107 1550 1157 1589 12,
1188 1550 1225 1582 15
1259 1547 1312 1581 die
1345 1548 1541 1581 alterthiim-

859 1593 945 1627 liche
971 1594 1068 1626 Form
1093 1604 1291 1635 prosus.-
1309 1593 1421 1625 divini
1446 1594 1539 1626 hum.

858 1638 1046 1681 entspricht
1070 1641 1125 1671 ius
1151 1649 1192 1670 ue
1216 1639 1286 1678 fas,
1313 1649 1340 1671 s.
1367 1640 1422 1680 21,
1447 1641 1480 1680 4,
1505 1640 1536 1672 9.

858 1702 902 1707 -
922 1686 966 1715 iis
991 1683 1110 1726 gehort
1135 1683 1297 1716 zuniichst
1320 1693 1362 1715 zu
1385 1683 1540 1725 produc·

859 1732 914 1760 lae
939 1731 975 1760 in
1002 1739 1043 1770 c.,
1074 1738 1130 1761 um
1163 1728 1216 1761 die
1242 1727 1462 1761 Theilnahme
1497 1738 1540 1761 zu

856 1772 1071 1806 bezeichnen.
1086 1792 1129 1797 ——
1145 1775 1182 1804 in
1209 1774 1316 1815 hosp„
1342 1773 1390 1805 sie
1404 1772 1539 1806 werden

858 1818 908 1852 als
933 1817 1154 1852 Gastfreunde
1186 1817 1382 1857 behandelt;
1416 1817 1539 1861 Polyb.

858 1863 1011 1896 erwahnt
1047 1862 1157 1896 dieses
1194 1862 1296 1896 nicht.
1322 1882 1366 1887 —
1396 1862 1540 1901 foedere

858 1919 889 1942 a.
914 1908 951 1948 fl,
983 1907 1187 1941 vermittelst
1211 1907 1302 1941 eines
1329 1907 1540 1940 Bundesver-

858 1957 968 1996 trags,
1001 1963 1037 1986 es
1066 1953 1112 1986 ist
1135 1952 1203 1986 wol
1228 1962 1269 1985 an
1296 1952 1359 1986 den
1385 1952 1438 1985 bei
1463 1952 1538 1985 dem

858 1998 1044 2032 Abschluss
1076 1998 1253 2031 desselben
1285 2008 1327 2030 zu
1350 1997 1538 2030 leistenden

858 2043 918 2076 Eid
943 2054 984 2076 zu
1002 2042 1146 2082 denken,
1172 2042 1275 2076 durch
1290 2042 1405 2075 diesen
1423 2042 1540 2074 wurde

856 2088 917 2122 das
943 2088 1120 2122 Gelobniss
1145 2087 1204 2120 der
1221 2087 1330 2120 Treue
1356 2097 1538 2129 angenom-

856 2144 947 2171 mem
975 2133 1033 2166 der
1056 2131 1235 2166 Ausdruck
1260 2132 1304 2165 ist
1328 2131 1538 2174 ungewohn-

856 2179 938 2216 lich;
976 2178 1040 2211 den
1067 2178 1208 2220 Vei-trag
1233 2177 1340 2210 selbst
1364 2187 1390 2210 s
1416 2176 1537 2228 Polyb.

856 2235 883 2256 c.
898 2205 958 2257 38⁷:
984 2223 1029 2264 ἣν
1053 2220 1091 2255 δὲ
1114 2223 1156 2256 τὸ
1183 2224 1331 2263 συνέχον
1354 2221 1432 2254 τῶν
1455 2217 1537 2273 ὁμο-

855 2267 1103 2321 λογηθέντων,
1128 2265 1256 2300 ακολοι
1262 2267 1345 2299 θεῖν
1369 2268 1442 2299 τοῖς
1456 2263 1538 2299 Ῥω-

854 2316 976 2365 μαίων
1030 2312 1177 2365 ἄρχουσι
1224 2314 1283 2344 καὶ
1330 2310 1537 2344 πειθεσθαι

856 2361 928 2392 ’τοῖς
940 2354 1010 2392 υπὸ
1024 2370 1168 2391 Tovrwv
1182 2354 1527 2402 Ἲαθαγγέλλθαξνθιὲ
1530 2381 1538 2389 .

855 2404 949 2436 Nach
962 2403 1081 2446 Polyb.
1110 2402 1193 2434 uird
1206 2389 1416 2444 Scipiojetzt
1428 2401 1533 2434 sehon

855 2459 921 2481 von
953 2448 1017 2480 den
1043 2447 1204 2490 Spaniern
1229 2445 1339 2489 Konig
1375 2450 1535 2489 geminat,

857 2503 927 2526 was
953 2493 987 2525 L.
1014 2497 1082 2525 erst
1105 2503 1134 2525 c.
1165 2494 1215 2530 19,
1237 2493 1256 2525 3
1283 2491 1457 2532 berichtet,
1481 2491 1535 2524 bei

856 2538 1002 2571 welches
1035 2536 1256 2580 Gelegenheit
1288 2547 1324 2570 es
1355 2536 1428 2570 Pol.
1458 2546 1534 2568 zum

857 2582 1088 2616 zweitenmale
1123 2581 1286 2615 erwahnt.
1318 2601 1362 2605 —
1395 2581 1536 2621 addua,

1220 2637 1262 2671 4*
