1732 2840
159 285 198 318 10
218 277 483 323 consulerent,
506 283 622 316 nocte
648 278 766 316 motis
793 277 929 316 castris
949 277 1054 316 abiit.
1096 284 1133 316 et
1155 278 1219 329 qui
1241 277 1281 316 in
1304 289 1391 316 arce
1412 282 1542 326 erant,
1564 277 1647 328 igni
1689 291 1695 330 ’ὅ

217 335 361 374 iniecto
383 334 516 381 tectis,
547 346 645 385 quae
676 334 873 382 tenebant,
895 339 940 373 ut
977 334 1010 373 is
1030 334 1221 373 tumultus
1240 335 1392 372 bostem
1413 340 1647 382 moraretur,
1683 334 1696 390 i

172 453 195 488 8

175 1076 195 1108 6

219 104 272 144 18

677 105 801 139 LIBER
825 105 938 139 XXIX.
989 105 1082 140 CAP.
1110 108 1138 139 7.
1166 108 1198 140 8.

1497 123 1521 143 a.
1539 123 1567 143 u.
1587 117 1646 144 549.

218 221 333 274 cipit,
357 221 576 272 nuntioque
596 221 714 259 misso
738 221 782 259 ad
802 232 889 268 eos,
921 221 987 273 qui
1007 221 1047 259 in
1070 233 1158 260 arce
1180 225 1311 268 erant,
1333 225 1376 259 ut
1396 220 1550 260 sibimet
1569 220 1644 273 ipsi

218 403 356 442 agmen
379 402 539 429 suorum
561 391 674 441 fugae
697 390 811 429 simili
833 403 948 429 cursu
971 397 1059 429 ante
1081 396 1235 429 noctem
1258 390 1428 429 adsecuti
1450 396 1553 429 sunt.

334 446 465 499 Scipio
495 454 538 486 ut
568 454 605 486 et
635 459 763 486 arcem
793 447 966 486 relictam
996 447 1042 486 ab
1064 447 1243 486 hostibus
1264 454 1302 485 et
1321 459 1438 486 vacua
1459 446 1551 485 vidit
1582 458 1647 485 ca·

217 509 316 551 stra,
347 509 503 542 vocatos
532 504 579 542 ad
611 504 835 542 contionem
866 503 1083 543 Locrenses
1111 504 1277 555 graviter
1307 503 1355 542 ob
1387 503 1644 542 defectionem

176 568 194 600 2
216 560 427 608 incusavit3
450 561 496 599 de
523 560 748 599 auctoribus
770 560 1007 612 supplicium
1029 560 1207 612 sumpsit,
1229 560 1411 612 bonaque
1433 572 1567 599 eorum
1589 559 1645 598 al-

216 617 337 656 terius
368 616 549 656 factionis
578 617 825 669 principibus
855 617 904 656 ob
935 617 1127 668 egregiam
1159 617 1274 656 fidem
1299 617 1482 656 adversus
1503 616 1646 655 Roma·

176 681 194 713 3
217 686 289 713 nos
306 673 521 721 concessit;
544 673 702 725 publice
719 686 792 714 nec
808 674 899 713 dare
915 686 988 713 nec
1011 674 1162 726 eripere
1183 686 1224 712 sc
1246 674 1454 725 quicquam
1470 673 1643 712 Locren-

216 730 325 770 sibus
361 729 475 769 dixit:
513 730 675 769 Romam
704 730 905 769 mitterent
933 731 1102 781 legatos3
1141 742 1255 782 quam
1286 736 1445 769 senatus
1477 741 1645 781 aequum

175 794 195 826 4
217 786 454 835 censuisset,
486 799 570 825 eam
598 787 795 826 fortunam
816 787 1038 834 habitur0s3
1069 787 1163 826 illud
1187 787 1279 826 satis
1300 787 1420 833 scire,
1452 786 1525 825 etsi
1546 785 1646 825 male

217 844 264 883 de
286 843 432 895 populo
454 843 630 883 Romano
651 843 780 882 meriti
803 849 953 891 essent,
980 843 1018 882 in
1041 842 1202 882 meliore
1223 849 1323 882 statu
1346 843 1417 882 sub
1439 843 1548 882 iratis
1567 842 1646 881 Ro-

175 907 194 938 5
216 900 341 939 manis
366 900 538 947 futuros,
570 913 685 952 quam
708 900 780 939 sub
802 900 936 939 amicis
957 899 1343 950 Carthaginiensibus
1364 900 1523 939 fuerint.
1564 899 1648 951 ipse

215 956 408 995 Pleminio
431 957 557 1008 legato
579 957 876 1009 praesidioque,
908 957 1011 1008 quod
1034 969 1160 996 arcem
1185 962 1362 1008 ceperat,
1395 957 1439 995 ad
1462 955 1647 995 tuendam

215 1013 352 1052 urbem
376 1013 525 1059 relicto,
548 1026 635 1052 cum
660 1014 802 1065 quibus
823 1019 980 1052 venerat
1001 1013 1124 1065 copiis
1144 1013 1361 1052 Messanam
1380 1012 1542 1052 traiecit.

328 1069 382 1108 Ita
414 1069 583 1121 superbe
615 1076 652 1108 et
673 1070 882 1109 crudeliter
902 1070 1021 1109 habiti
1044 1070 1262 1108 Locrenses
1282 1069 1328 1108 ab
1351 1069 1645 1119 Carthaginien-

217 1126 324 1165 sibus
355 1132 441 1178 post
467 1126 726 1165 defectionem
748 1126 795 1165 ab
818 1126 1004 1165 Romanis
1024 1126 1198 1173 fuerant,
1228 1133 1272 1164 ut
1292 1126 1464 1165 modicas
1484 1125 1647 1164 iniurias

175 1190 193 1222 7
215 1195 296 1221 non
327 1195 452 1234 aequo
484 1184 599 1221 modo
630 1183 759 1222 animo
790 1183 869 1234 pati
896 1183 961 1221 sed
983 1195 1107 1234 prope
1128 1182 1277 1221 lubenti
1300 1189 1480 1234 possent3
1512 1193 1644 1221 verum

217 1240 321 1278 enim
348 1251 439 1278 vero
469 1245 618 1278 tantum
650 1239 864 1278 Pleminius
889 1239 1148 1278 Hamilcarem
1178 1238 1357 1290 praesidii
1390 1239 1645 1291 praefectum,

215 1300 366 1334 tantum
396 1295 636 1347 praesidiarii
658 1295 801 1334 milites
821 1295 985 1334 Romani
1008 1295 1163 1334 Poenos
1181 1294 1326 1334 scelere
1347 1301 1465 1346 atque
1490 1294 1645 1334 avaritia

175 1358 194 1391 8
216 1358 517 1404 superaverunt,
554 1358 595 1390 ut
632 1364 711 1391 non
748 1352 865 1391 armis
895 1352 961 1390 sed
990 1351 1091 1390 vitiis
1119 1351 1313 1390 videretur
1343 1352 1494 1390 certari.
1546 1350 1645 1390 nihil

216 1409 414 1455 omnium,
446 1421 543 1460 quae
573 1408 681 1460 inopi
714 1408 856 1447 invisas
885 1420 979 1460 opes
1008 1408 1242 1460 potentioris
1273 1408 1441 1456 faciunt,
1471 1415 1645 1460 praeter-

215 1465 377 1504 missum
407 1465 447 1503 in
478 1465 698 1516 oppidanos
728 1471 786 1504 est
813 1464 860 1504 ab
892 1465 990 1504 duce
1019 1469 1086 1504 aut
1115 1478 1134 1503 a
1164 1463 1373 1512 militibus3
1408 1465 1447 1503 in
1479 1476 1643 1516 corpora

215 1553 333 1586 sahen.
371 1556 404 1584 et
429 1555 509 1594 qui,
542 1552 574 1584 in
601 1552 716 1596 Bezug
749 1553 807 1585 auf
828 1553 892 1586 den

216 1597 388 1631 sclinellen
402 1598 521 1640 Abzug
546 1598 605 1630 des
620 1597 750 1631 Heeres.
766 1617 810 1621 ——
823 1609 892 1630 mo·

216 1647 396 1683 rarentur,
423 1643 529 1675 damit
553 1644 600 1676 sie
616 1643 707 1676 nicht
722 1643 893 1686 versolgen

214 1688 362 1728 konnen.
402 1687 446 1720 Da
481 1688 540 1721 das
567 1688 658 1721 Thor
690 1688 723 1721 in
749 1688 807 1721 der
831 1689 894 1722 Ge-

216 1733 298 1766 walt
323 1733 382 1766 der
395 1733 517 1766 Romer
541 1733 594 1775 ist,
620 1744 646 1767 s.
662 1733 681 1776 ξ
697 1735 726 1774 8,
753 1744 790 1766 so
806 1736 895 1767 mus-

216 1788 274 1811 sen
309 1779 356 1811 sie
381 1788 440 1811 aus
475 1778 533 1811 der
558 1778 647 1821 Burg
679 1779 896 1811 unmittelbar

217 1823 411 1866 abgezogen
437 1824 519 1856 sein.
546 1843 587 1847 -—
615 1834 732 1865 eursu,
759 1824 892 1857 sclinel-

214 1868 279 1901 lem
306 1867 450 1901 Marsch.

260 1913 296 1948 8.
323 1915 422 1946 1-4,
444 1915 631 1951 incusavit,
646 1912 778 1946 maehte
792 1913 892 1946 ihnen

215 1957 401 1999 Vorwiirfe,
427 1967 452 1990 5.
479 1959 532 1999 24,
561 1959 589 1997 1,
616 1960 665 1991 10.
691 1977 735 1981 —
761 1959 891 1990 bona—

216 2005 398 2043 concessit,
442 2003 489 2035 sie
526 2011 639 2035 waren
677 2002 798 2035 vorher
842 2003 894 2035 sur

215 2047 392 2090 Staatsgut
422 2047 545 2080 erklart
579 2047 728 2081 worden.
755 2068 798 2072 —
832 2049 893 2080 ad-

214 2104 344 2133 versm,
370 2103 397 2126 5.
413 2095 465 2132 28,
482 2094 535 2133 27,
551 2095 581 2126 S.
603 2112 647 2116 —
668 2093 821 2135 publice,
847 2093 891 2125 im

214 2138 421 2181 Gegensatze
446 2149 487 2170 zu
512 2138 576 2170 den
593 2138 786 2179 Einzelnen,
811 2138 892 2171 wel-

214 2184 297 2216 chen
329 2193 364 2215 er
395 2193 593 2224 genommen
632 2183 701 2216 und
738 2183 891 2226 gegeben

213 2228 288 2261 hat:
316 2228 348 2260 in
374 2228 558 2261 Rucksicht
584 2228 642 2261 auf
663 2229 716 2261 die
736 2228 892 2272 Stellung

213 2273 273 2306 des
298 2273 431 2306 Staates
456 2284 497 2306 zu
515 2273 598 2306 Rom
624 2273 668 2306 im
694 2274 787 2317 Folg.
817 2274 891 2313 for-

215 2323 312 2360 tuna,
337 2329 362 2351 5.
389 2329 416 2351 c.
435 2320 533 2358 21‚7.
561 2338 600 2342 —
627 2320 690 2350 snb
717 2321 798 2352 irat.
826 2322 889 2352 etc.

214 2363 297 2396 wird
322 2363 623 2406 vorausgeschickt
646 2374 702 2396 um
729 2363 791 2396 den
807 2365 891 2396 Con-

212 2411 296 2440 trast
318 2408 362 2441 im
378 2408 471 2451 Folg.
497 2408 594 2442 desto
613 2409 734 2452 greller
748 2409 890 2442 erschei-

212 2463 276 2485 nen
303 2464 342 2485 zu
367 2454 488 2486 lassen.

258 2500 287 2531 5.
315 2498 362 2529 ad
386 2499 503 2532 tuend.
531 2509 577 2539 a.,
602 2497 697 2531 Diod.
714 2498 770 2530 l.l.
796 2496 890 2539 Πλη·

211 2544 327 2585 μίνιος
351 2538 369 2574 ὁ
383 2543 628 2576 κατασταθεὶς
641 2543 801 2588 Λοκρῶν
815 2539 890 2588 ἡγε-

963 1551 1046 1596 μὼν
1070 1550 1169 1596 παρὰ
1193 1554 1409 1592 Σκιπίωνος,
1435 1552 1559 1585 ebenso
1578 1552 1642 1594 Ap·

963 1598 1069 1641 pian.;
1085 1597 1236 1640 dagegen
1254 1598 1351 1630 Zon.:
1368 1598 1564 1643 ἐπιτρέψας
1576 1595 1643 1639 τὴν

964 1643 1088 1676 πᾶσαν
1113 1640 1220 1675 πόλιν
1245 1638 1308 1674 δύο
1332 1639 1532 1686 χιλιάρχοις.

1011 1690 1109 1721 6-8.
1128 1691 1176 1719 ita
1192 1688 1224 1719 iu
1239 1698 1276 1720 so
1301 1687 1518 1720 auffallender
1531 1687 1644 1721 Weise

965 1749 1011 1761 =
1023 1733 1172 1775 superbe
1187 1738 1219 1764 el
1233 1733 1426 1765 crudeliter
1446 1737 1479 1764 et
1502 1735 1553 1764 ita
1568 1734 1643 1774 qui-

968 1779 1043 1810 dem
1068 1782 1117 1817 ut,
1144 1778 1212 1820 vgl.
1239 1788 1267 1812 c.
1294 1781 1324 1820 6,
1345 1780 1589 1811 17.——verum
1615 1789 1642 1811 e.

963 1835 1006 1865 v.,
1029 1834 1056 1856 s.
1083 1825 1138 1864 24,
1163 1826 1193 1864 5,
1220 1825 1237 1856 2
1269 1834 1301 1856 u.
1328 1833 1374 1855 a.:
1409 1823 1488 1856 aber
1516 1823 1548 1855 in
1584 1821 1643 1855 der

963 1868 1060 1901 Tbat.
1081 1888 1123 1891 —
1141 1868 1383 1910 praesidiarii,
1407 1868 1496 1900 Fest.
1510 1878 1540 1910 p.
1558 1869 1641 1902 306:

965 1914 1053 1945 dicei
1075 1913 1303 1955 praesidiari,
1331 1916 1411 1944 ante
1437 1923 1494 1944 eos
1519 1914 1643 1953 (subsi-

965 1958 1113 1998 diarios)
1139 1958 1307 1990 collocati
1335 1959 1397 2000 qui
1429 1961 1548 1995 erant,
1580 1961 1645 1990 aut

964 2006 1002 2035 in
1028 2003 1147 2044 aliquo
1167 2003 1242 2034 Ioco
1269 2005 1475 2045 praepositi,
1500 2002 1560 2036 das
1573 2002 1641 2036 wol

963 2058 1030 2081 von
1073 2048 1209 2080 Verrius
1250 2047 1389 2081 Flaccus
1438 2047 1643 2091 gebrauchte

962 2094 1059 2126 Wort
1082 2091 1187 2125 findet
1211 2092 1281 2125 sich
1307 2096 1401 2126 sonst
1426 2093 1553 2134 selten,
1589 2092 1641 2125 bei

961 2139 997 2171 L.
1023 2148 1084 2171 nur
1112 2137 1200 2179 hier,
1233 2148 1288 2170 wo
1320 2148 1355 2171 es
1388 2138 1544 2171 dasselbe
1576 2137 1642 2170 wie

962 2185 982 2225 ξ
997 2187 1032 2217 5:
1057 2183 1238 2225 praesidio
1263 2184 1386 2216 relicto
1412 2183 1581 2216 bedentet.
1598 2201 1640 2206 —

961 2229 1101 2269 scelere,
1127 2228 1393 2271 Ruchlosigkeit,
1418 2228 1472 2261 die
1484 2227 1639 2271 Religion

960 2273 1028 2306 und
1047 2272 1253 2306 Sittliehkeit
1277 2273 1430 2315 verletzt‚
1458 2274 1527 2316 vgl.
1541 2284 1568 2307 c.
1587 2275 1639 2314 17,

966 2320 1005 2353 18
1016 2330 1024 2361 ς
1036 2321 1067 2359 4,
1078 2320 1177 2359 2,14:
1195 2319 1362 2350 adversus
1373 2319 1507 2358 seem-5,-
1521 2321 1575 2359 40,
1585 2319 1640 2360 39,

962 2365 1000 2397 9:
1026 2364 1137 2395 scelus
1163 2367 1197 2396 et
1218 2364 1395 2406 perfidz'a,·
1420 2363 1486 2396 Cic.
1504 2363 1592 2397 Verr.
1607 2366 1640 2405 5,

961 2410 993 2449 9,
1003 2410 1056 2441 24:
1072 2411 1247 2441 avaritiae
1261 2409 1464 2450 scelerique.
1475 2410 1641 2451 —t'nopi,

961 2453 1289 2492 demHiilssosen‚der
1299 2453 1639 2486 sichnichtschfitzen

961 2498 1069 2536 kann;
1096 2499 1178 2532 iiber
1202 2498 1265 2531 den
1291 2498 1447 2542 Singular
1475 2509 1501 2532 s.
1528 2500 1580 2538 23,
1607 2500 1639 2540 3,

964 2546 1021 2582 10;
1042 2546 1072 2585 2,
1089 2545 1271 2586 3,4.-τή
1297 2543 1476 2586 oppidem„
1502 2543 1581 2577 weil
1603 2543 1636 2576 in

1687 186 1732 216 l.

1689 225 1732 286 Ξ]

1700 2334 1717 2840 1
