1732 2840
151 566 175 601 2

190 104 270 144 130

641 105 764 140 LIBER
789 106 934 141 XXVIII.
981 106 1074 140 CAP.
1104 108 1131 141 1.
1158 108 1189 140 2.

1473 124 1500 145 a.
1519 124 1547 144 u.
1566 118 1631 144 547.

194 223 297 262 iusta
327 220 485 260 militari
516 220 690 259 custodia
723 225 803 259 tuta
831 225 868 259 et
888 221 997 260 firma
1019 233 1126 270 esse,
1157 220 1221 260 illa
1243 221 1359 260 altera
1382 220 1508 260 soluta
1530 233 1627 260 nec-

195 280 396 329 lectaque,
426 284 469 316 ut
489 277 745 316 barbarorum
767 283 804 316 et
824 277 998 317 tironum
1020 284 1057 317 et
1078 277 1210 317 minus
1239 278 1484 326 timentium,
1517 277 1622 328 quod

155 345 174 378 9
195 336 235 375 in
267 347 336 375 sua
366 341 469 374 terra
501 339 645 373 essent.
687 346 729 373 ea
761 333 872 386 prius
901 334 1159 385 adgredienda
1189 339 1295 374 ratus
1325 335 1482 374 Silanus
1513 334 1627 385 signa

195 403 311 443 quam
345 391 511 430 maxime
540 390 587 429 ad
624 390 768 430 laevam
804 390 964 430 iubebat
995 391 1112 439 ferri,
1149 391 1329 430 necunde
1365 390 1412 430 ab
1447 390 1627 430 stationi-

195 449 270 487 bus
291 447 452 486 Punicis
474 447 792 499 conspiceretur3
825 448 909 499 ipse
930 447 1152 500 praemissis
1174 446 1488 500 speculatoribus
1510 447 1629 487 citato

196 504 351 556 agmine
371 504 417 543 ad
439 504 592 543 hostem
614 504 755 555 pergit.

313 560 403 599 Tria
425 560 542 600 millia
565 561 686 599 ferme
708 560 862 608 aberat,
893 572 980 599 cum
1006 560 1204 600 hauddum
1227 560 1433 611 quisquam
1453 559 1627 599 hostium

156 626 176 658 2
199 623 386 658 senserat.
429 617 660 668 confragosa
691 617 776 656 loca
798 623 835 657 et
855 617 969 656 obsiti
993 617 1172 668 virgultis
1193 617 1375 667 tegebant
1400 616 1540 665 colles3
1575 616 1629 656 ibi

198 675 238 714 in
251 687 340 714 cava
349 674 447 713 valle
464 679 580 725 atque
598 674 646 713 ob
663 674 701 713 id
718 674 868 713 occulta
886 673 1092 713 considere
1109 673 1271 713 militem
1290 679 1327 712 et
1342 673 1472 712 cibum
1489 685 1630 725 capere

198 731 319 770 iubet.
355 731 423 771 ubi
442 731 709 782 speculatores
730 731 1023 781 transfugarum
1039 730 1139 770 dicta
1158 731 1404 770 adfirmantes
1422 736 1631 779 venerunt,

159 796 177 828 3
198 793 282 827 tum
303 787 468 827 sarcinis
489 787 529 826 in
551 788 723 827 medium
745 787 933 827 coniectis
955 799 1059 826 arma
1081 787 1247 826 Romani
1269 787 1441 839 capiunt,
1467 786 1633 838 acieque

200 844 300 884 iusta
330 844 370 883 in
403 855 576 896 pugnam
606 845 762 884 vadunt.
804 844 909 883 mille
937 856 1095 896 passum
1127 844 1308 892 aberant,
1338 855 1427 883 cum
1449 843 1495 882 ab
1517 843 1631 882 hoste

201 901 403 953 conspecti
424 906 529 949 sunt,
552 901 817 953 trepidarique
839 906 1002 953 repente
1020 905 1224 953 coeptum3
1249 906 1286 940 et
1301 899 1414 950 Mago
1432 912 1478 939 ex
1494 899 1632 939 castris

159 965 180 998 4
201 958 316 997 citato
348 970 449 1008 equo
481 958 527 996 ad
549 958 720 1009 primum
742 958 949 997 clamorem
973 963 1010 996 et
1031 957 1242 996 tumultum
1264 956 1477 996 advehitur.
1521 963 1633 996 erant

200 1014 240 1053 in
255 1014 448 1054 Celtibero
466 1014 640 1053 exercitu
657 1027 769 1053 >mim
781 1020 929 1054 scutata
947 1019 984 1053 et
999 1014 1160 1054 ducenti
1178 1013 1349 1066 equites;
1374 1013 1477 1053 hanc
1491 1013 1634 1053 iustam

200 1070 396 1121 legionem
429 1092 478 1098 —
512 1077 549 1110 et
580 1071 618 1109 id
649 1071 771 1110 ferme
800 1071 954 1110 roboris
985 1078 1067 1110 erat
1093 1094 1148 1099 -
1176 1071 1216 1109 in
1249 1070 1376 1122 prima
1405 1069 1487 1109 acie
1515 1069 1633 1117 locat,

162 1135 180 1166 5
202 1133 369 1177 ceteros,
390 1127 512 1166 levem
534 1134 783 1176 armaturam,
805 1127 845 1167 in
867 1127 1038 1166 subsidis
1059 1127 1204 1180 posuit.
1237 1139 1325 1166 cum
1346 1126 1396 1165 ita
1417 1126 1637 1166 instructos

200 1239 269 1272 lut:
296 1238 365 1272 sich
392 1238 467 1271 dort
479 1237 648 1279 befinden,
674 1238 804 1280 stehen,
830 1239 883 1272 die

202 1283 341 1327 Gegend
367 1283 578 1324 einnehmen,
602 1284 671 1327 vgl.
698 1286 752 1325 32,
779 1286 882 1325 5,12;

203 1340 273 1372 qua
305 1331 464 1361 abscisae
487 1339 592 1371 rupes
625 1334 743 1369 erant,
777 1333 883 1362 statio

201 1384 401 1417 paucorum
421 1379 641 1406 armatorum
656 1376 802 1414 tenebat,
829 1376 883 1414 37,

204 1422 258 1460 32,
273 1421 362 1452 2.——
380 1419 510 1452 deoetra
536 1430 569 1452 u.
597 1420 697 1452 laeva
723 1419 798 1453 sind
821 1420 886 1452 wie

205 1469 300 1498 sonst
313 1464 365 1497 bei
380 1465 428 1506 L.‚
452 1474 490 1497 so
517 1464 601 1497 auch
626 1465 694 1498 wol
720 1465 790 1497 hier
808 1465 884 1498 Abl.

251 1512 349 1544 8-9.
377 1520 417 1542 ea
442 1509 502 1542 das
527 1510 611 1543 eben
637 1510 825 1548 erwahnte;
859 1521 884 1544 S.

204 1555 273 1588 Cic.
298 1555 370 1588 Fin.
403 1558 429 1595 l,
453 1557 505 1596 10,
520 1557 574 1593 32,
599 1555 679 1589 Sall.
705 1555 739 1588 C.
755 1558 886 1595 52,18;

205 1601 264 1633 das
280 1600 520 1634 Gewohnliche
539 1601 628 1634 w'are
643 1602 752 1641 lzaee,·
771 1601 886 1633 altera

206 1645 290 1678 wird
315 1656 357 1678 zu
383 1646 446 1677 illa
472 1649 620 1688 gesetzt‚
650 1656 748 1679 wenn
776 1646 886 1680 dieses

207 1691 314 1724 einem
339 1690 462 1724 bereits
485 1690 689 1732 bekannten,
717 1691 887 1724 bestimm-

206 1740 261 1769 ten
286 1735 432 1779 Begriffe
463 1736 769 1779 entgegengestellt
793 1737 889 1777 wird,

207 1791 233 1815 S.
259 1781 337 1815 Sall.
364 1781 386 1814 Ι.
410 1783 458 1822 13,
480 1785 512 1821 1;
543 1786 594 1823 16,
608 1785 694 1816 5.-
710 1784 807 1814 omni
830 1793 888 1815 zu-

208 1826 535 1859 sammenfassendes
553 1827 763 1869 Asyndeton.
779 1846 823 1851 —
835 1839 888 1859 so-

209 1872 295 1909 luta,
320 1880 346 1903 s.
372 1881 400 1904 c.
427 1872 480 1912 34,
503 1874 543 1911 4,
572 1874 600 1912 1,
626 1874 680 1912 60,
707 1874 794 1905 2.-
811 1883 889 1905 nec-

207 1916 313 1955 unde,
338 1917 392 1955 22,
407 1917 461 1956 23,
479 1917 533 1949 10:
560 1917 718 1949 necunde
740 1919 889 1960 impetus

209 1964 247 1993 in
273 1961 550 1998 frumentatores
574 1962 685 2001 fieret.

254 2005 290 2040 2.
326 2007 423 2040 1—3.
449 2016 529 2038 cum
560 2026 587 2030 —
619 2010 820 2039 senserant:
855 2016 890 2038 er

210 2061 280 2084 war
303 2061 366 2084 nur
380 2050 465 2084 noch
480 2071 506 2074 —
525 2051 681 2093 entsernt,
706 2052 766 2090 als,
791 2051 888 2084 oder:

210 2096 278 2129 und
304 2096 390 2129 noch
415 2096 509 2129 hatte
533 2106 629 2138 usw.,
661 2097 731 2140 vgl.
756 2099 811 2139 42,
836 2099 890 2137 57,

211 2144 246 2174 7:
272 2144 389 2174 minus
405 2144 616 2184 quingentos
633 2153 756 2185 passus
771 2162 795 2166 —
812 2143 889 2174 ahe-

211 2191 307 2228 rant,
333 2197 411 2219 eum
436 2190 473 2219 in
496 2191 685 2229 conspectu
697 2188 808 2227 fuere,
833 2187 891 2220 der

211 2232 385 2265 Gebrauch
411 2242 477 2264 von
504 2243 582 2264 cum
606 2233 808 2266 nahertsich
822 2242 889 2265 we-

212 2278 364 2320 nigstens
384 2276 471 2318 dem,
498 2287 551 2310 wo
567 2288 603 2311 es
620 2278 706 2311 nach
721 2281 803 2319 iam,
830 2280 890 2310 viae

212 2324 287 2355 u.{i.
313 2322 450 2361 eintritt,
477 2324 583 2365 s.§3,
608 2323 719 2356 indem
746 2324 797 2356 ein
811 2322 892 2356 abn-

213 2367 318 2400 liches
351 2367 561 2401 Verbaltniss
594 2368 697 2401 durch
735 2368 798 2401 den
837 2369 892 2400 be-

213 2411 414 2444 schrankten
439 2413 648 2455 Zahlbegriff
666 2412 893 2456 ausgedruckt

214 2457 309 2489 wird.
346 2456 454 2490 Ueber
478 2458 538 2491 das
552 2459 721 2502 Plusqprf.
747 2459 800 2492 bei
814 2469 893 2491 cum

214 2502 283 2544 vgl.
297 2503 351 2543 45,
366 2504 419 2543 34,
437 2505 492 2536 11:
518 2506 589 2536 iam
604 2524 628 2527 —
642 2507 890 2547 pervenerant,

216 2557 292 2579 cum
322 2565 350 2570 —
383 2551 638 2589 contraxeram
670 2549 756 2583 doch
787 2548 894 2582 findet

952 1239 1023 1271 sicli
1049 1237 1140 1271 diese
1155 1237 1375 1282 Verbindung
1398 1248 1466 1271 von
1482 1248 1561 1270 oum
1574 1238 1638 1270 mit

953 1284 1028 1316 dem
1061 1283 1230 1326 Plusqprf.
1268 1284 1393 1324 senen,
1433 1283 1553 1316 anders
1591 1284 1638 1316 ist.

954 1332 985 1371 2,
1001 1331 1101 1369 46,3,
1125 1330 1194 1371 vgl.
1222 1331 1373 1370 21,29‚1
1402 1328 1470 1362 und
1496 1330 1529 1361 in
1555 1328 1636 1361 ilhn-

954 1374 1058 1407 licher
1075 1374 1255 1417 Wendung
1270 1376 1323 1414 35,
1342 1377 1394 1415 10,
1414 1377 1424 1408 1
1440 1386 1447 1407 z
1474 1376 1511 1406 in
1537 1376 1638 1406 eoez'loe

957 1423 1027 1452 iam
1054 1430 1170 1451 annus
1195 1424 1272 1452 erat
1298 1423 1330 1451 et
1354 1421 1499 1452 ambitio
1532 1430 1637 1451 επαν-

955 1468 1060 1497 serat.
1108 1465 1219 1498 Ueber
1244 1465 1428 1497 hauddum
1453 1474 1481 1498 s.
1508 1467 1560 1507 10,
1584 1466 1641 1506 25,

958 1513 1009 1544 10.
1027 1530 1063 1534 -
1081 1511 1195 1549 obsiti,
1220 1510 1290 1553 vgl.
1317 1520 1358 1542 zu
1376 1513 1404 1546 1,
1424 1512 1473 1549 14,
1488 1512 1518 1542 7.
1532 1528 1576 1534 —
1590 1514 1638 1542 te-

952 1557 1029 1597 geb.
1050 1565 1080 1587 n.
1095 1555 1257 1588 Sllanum
1276 1555 1357 1588 oder
1368 1554 1558 1596 Romanos,
1583 1557 1639 1597 29,

956 1603 1010 1643 34,
1036 1602 1074 1639 9;
1102 1602 1156 1642 22,
1180 1603 1212 1642 4,
1239 1602 1276 1634 3:
1312 1600 1456 1633 tumulis
1485 1604 1566 1643 apte
1591 1605 1640 1632 te·

953 1647 1136 1688 gentibus,
1168 1645 1228 1678 das
1254 1645 1327 1678 hds.
1353 1646 1519 1678 tenebant
1548 1647 1643 1679 ware

956 1691 1044 1730 hier,
1077 1701 1131 1723 wo
1156 1701 1223 1723 von
1256 1690 1404 1724 leblosen
1430 1690 1559 1734 Dingen
1585 1690 1641 1723 die

957 1736 1049 1769 Rede
1074 1736 1127 1775 ist,
1154 1736 1265 1769 harter
1292 1736 1340 1769 als
1365 1746 1393 1769 c.
1424 1738 1452 1778 1,
1477 1737 1641 1770 7.——uln·

957 1801 988 1805 —
1014 1786 1087 1814 tum
1113 1781 1334 1825 entsprechen
1361 1781 1433 1814 sich
1458 1781 1551 1815 nicht
1575 1781 1641 1814 sel-

958 1830 1034 1867 ten,
1065 1828 1117 1869 21,
1145 1829 1199 1869 25,
1227 1828 1286 1869 123
1317 1828 1371 1868 25,
1400 1829 1452 1867 10,
1478 1829 1496 1859 5
1530 1836 1563 1859 u.
1588 1836 1640 1865 a.;

958 1872 1095 1914 Madvig
1118 1882 1222 1905 verm.
1248 1872 1353 1914 iubet,
1380 1875 1413 1904 et
1434 1882 1567 1914 spem-
1586 1882 1643 1904 ve—

959 1921 1110 1955 nerunt‚·
1148 1920 1220 1948 tum
1258 1920 1321 1949 etc.
1346 1935 1390 1940 --
1423 1919 1498 1948 acie
1534 1918 1641 1959 iusta,

958 1961 1180 2004 regelmassig
1205 1961 1528 2004 ausgestellt.—ad
1549 1973 1584 2005 p.
1599 1972 1641 2003 c.,

959 2007 1012 2039 die
1041 2006 1300 2049 Veranlassung.

1004 2053 1107 2085 4-6.
1135 2050 1316 2092 Celtibero,
1342 2052 1407 2084 wie
1433 2053 1487 2093 23,
1505 2053 1559 2094 26,
1580 2054 1642 2086 11:

960 2097 1139 2129 iaculator
1162 2096 1331 2137 'llam-m,-
1361 2098 1415 2134 21.
1434 2099 1488 2139 46,
1502 2099 1539 2136 5;
1565 2097 1642 2131 Val.

958 2141 1046 2174 Max.
1061 2145 1091 2182 5,
1111 2144 1138 2177 1.
1154 2145 1190 2175 5:
1209 2141 1465 2174 Celtiber-mum
1478 2143 1645 2182 urbium,·

958 2187 1012 2220 die
1045 2187 1280 2230 gewohnliche
1314 2187 1413 2220 Fotm
1446 2187 1504 2220 hat
1527 2187 1561 2221 L
1587 2189 1645 2227 22,

959 2234 1013 2272 22,
1027 2235 1047 2265 4
1074 2232 1278 2265 Celtiberico
1301 2233 1415 2272 bello;
1441 2232 1474 2265 d.
1489 2231 1548 2276 Sp.
1561 2232 1643 2266 Hds.

959 2277 1052 2310 hatte
1068 2277 1136 2310 wol
1153 2277 1302 2310 θεΙίιὸθ)
1305 2289 1346 2310 or
1349 2288 1417 2310 nm.
1432 2296 1476 2301 —
1488 2282 1641 2319 scutata,

962 2324 1015 2363 21,
1042 2325 1096 2364 55,
1122 2324 1153 2356 4.
1179 2341 1222 2347 -—-
1248 2325 1390 2364 iustam,
1416 2333 1442 2356 S.
1468 2325 1522 2365 24,
1544 2324 1642 2365 14,4,

960 2367 1038 2400 weil
1071 2368 1178 2401 sowol
1210 2368 1263 2401 die
1288 2368 1370 2401 Zahl
1398 2367 1456 2401 der
1480 2367 1642 2401 Soldaten

961 2413 1010 2446 als
1035 2412 1088 2446 die
1114 2413 1349 2456 Bewaffnung,
1378 2413 1464 2446 auch
1489 2413 1542 2446 die
1567 2413 1647 2446 Rei-

960 2458 1053 2494 terei.
1083 2468 1110 2491 s.
1137 2461 1190 2499 22,
1217 2460 1271 2499 36,
1298 2460 1329 2499 3,
1362 2458 1421 2490 der
1452 2459 1643 2492 r6mischen

962 2503 1152 2546 entsprach.
1178 2523 1220 2528 -—
1247 2507 1281 2536 et
1303 2503 1342 2536 id
1365 2504 1453 2545 rob„
1478 2514 1504 2537 s.
1519 2505 1645 2545 27,14,

962 2551 993 2582 5.
1018 2567 1061 2572 -
1088 2551 1123 2581 in
1156 2549 1324 2591 subsidis,
1357 2550 1411 2591 21,
1441 2550 1496 2592 46,
1522 2550 1554 2590 6,
1587 2548 1645 2582 die
