1732 2840
131 263 166 295 11
189 255 361 295 aderant.

124 709 172 745 14

188 138 242 177 40
608 137 733 171 LIBER
759 136 889 171 xxvu.
938 135 1033 170 CAP.
1064 138 1113 170 13.
1143 138 1192 169 14.

1469 153 1494 175 a.
1515 154 1544 174 u.
1557 137 1626 175 2545.

414 253 627 304 imperator
658 264 724 291 eos
757 249 964 290 conlaudat
985 250 1303 313 pronuntiatque
1336 262 1355 289 a
1379 249 1521 313 quibus
1544 254 1625 288 otta

193 310 319 363 pridie
340 310 431 361 suga
455 316 568 360 esset,
593 308 877 358 cohortesque,
901 319 999 371 quae
1022 306 1132 358 signa
1153 307 1247 346 ami
1232 307 1386 355 issent,
1418 318 1459 345 se
1482 306 1522 345 in
1544 306 1626 358 pri-

130 376 168 408 12
188 379 288 407 mam
311 368 431 406 aciem
462 365 739 410 inducturum
773 363 927 403 edicere
957 363 1030 402 iam
1059 375 1144 403 sese
1166 363 1348 402 omnibus
1371 362 1626 425 pugnandum

192 437 236 463 ac
253 423 487 463 vincendum
511 435 596 461 esse
623 428 659 460 et
681 395 935 460 adnitendum
958 420 1122 470 singulis
1141 420 1425 471 universisque,
1447 432 1495 458 ne
1517 418 1627 470 prius

192 481 398 520 hesternae
418 479 530 529 fugae
550 490 664 530 quam
691 477 903 516 hodiernae
920 476 1102 516 victoriae
1119 476 1216 516 sama
1233 477 1395 515 Romam
1412 476 1627 528 perveniat.

133 544 170 576 13
191 537 281 576 inde
303 536 390 575 cibo
414 547 578 587 corpora
600 536 754 573 firmare
776 533 895 582 iussi,
918 538 975 581 ut,
1004 532 1035 572 si
1058 533 1214 584 longior
1235 545 1366 585 pugna
1390 539 1504 582 esset,
1534 532 1627 571 viri-

194 593 268 632 bus
290 593 529 632 sufficerent.
573 591 640 630 ubi
668 590 797 629 omnia
815 589 914 629 dicta
932 590 1107 640 factaque
1125 596 1229 638 sunt,
1252 589 1396 640 quibus
1412 589 1628 629 excitaren-

195 655 258 689 tur
279 649 396 688 animi
419 648 603 695 militum,
626 648 666 686 in
689 646 811 686 aciem
829 646 1064 697 procedunt.

310 705 423 751 Quod
445 704 510 744 ubi
534 703 742 743 Hannibali
765 703 987 742 nuntiatum
1010 709 1089 751 est,
1123 714 1239 751 „cum
1263 714 1307 740 eo
1331 702 1542 741 nimirum“
1567 701 1628 741 in-

195 762 280 813 quit
311 762 449 810 „hoste
481 773 542 800 res
565 765 644 809 est,
681 759 747 811 qui
781 771 854 798 nec
874 759 1015 798 bonam
1047 771 1120 798 nec
1140 759 1277 798 malam
1309 759 1410 797 serre
1432 758 1629 798 fortunam

195 818 339 871 possit!
373 830 442 857 seu
464 816 576 865 vicit,
600 816 785 856 ferociter
806 816 923 855 instat
943 815 1076 863 victis;
1109 828 1179 854 seu
1200 815 1323 854 victus
1347 821 1415 862 est,
1439 815 1631 854 instaurat

153 882 172 914 2
194 887 282 915 cum
303 873 516 914 victoribus
538 879 734 913 certamen
748 874 777 911 “.
815 872 925 923 signa
947 871 1037 911 inde
1059 884 1200 911 canere
1221 872 1357 920 iussit,
1381 871 1513 923 copias
1535 871 1630 911 edu-

196 931 259 970 cit.
293 936 508 982 pugnatum
527 930 725 981 utrimque
742 929 941 980 aliquanto
959 940 1073 980 quam
1091 927 1216 980 pridie
1239 928 1366 968 acrius
1384 934 1463 976 est,
1485 928 1629 968 Poenis

195 988 242 1027 ad
273 986 529 1026 obtinendum
564 987 792 1025 hesternum
825 985 944 1024 decus
971 984 1258 1032 adnitentibus,
1288 984 1475 1024 Romanis
1496 984 1542 1024 ad
1563 985 1630 1024 de-

155 1051 174 1083 3
194 1043 372 1084 mendam
396 1042 665 1094 ignominiam.
710 1042 867 1081 sinistra
898 1042 956 1081 ala
977 1041 1022 1080 ab
1045 1041 1232 1080 Romanis
1254 1047 1291 1080 et
1312 1041 1505 1088 cohortes,
1532 1054 1631 1092 quae

197 1100 408 1140 amiserant
428 1100 537 1150 signa
552 1130 560 1146 ,
591 1099 631 1138 in
654 1099 778 1150 prima
807 1098 889 1137 acie
909 1097 1150 1150 pugnabant,
1174 1104 1211 1136 et
1232 1097 1332 1148 legio
1355 1098 1563 1137 vicensima
1584 1098 1630 1137 ab

155 1165 174 1196 4
197 1157 331 1196 dextro
364 1168 487 1195 cornu
520 1156 732 1203 instructa;
763 1154 806 1193 L.
840 1154 1044 1193 Cornelius
1080 1153 1272 1193 Lentulus
1305 1160 1343 1192 et
1373 1154 1412 1193 C.
1449 1154 1631 1194 Claudius

197 1212 299 1252 Nero
322 1212 433 1263 legati
456 1212 642 1251 cornibus
664 1216 893 1263 praeerant;
926 1210 1132 1250 Marcellus
1160 1210 1324 1249 mediam
1355 1210 1475 1249 aciem
1497 1211 1630 1250 horta-

157 1279 176 1310 5
196 1275 258 1309 tor
290 1269 479 1320 testisque
511 1281 696 1320 praeseus
726 1268 913 1307 firmabat.
955 1267 1000 1306 ab
1033 1266 1249 1306 Hannibale
1272 1266 1434 1318 Hispani
1466 1267 1629 1318 primam

197 1357 275 1391 Tur.
302 1368 332 1390 u.
353 1357 411 1399 Sp.
428 1356 507 1390 Hds.
533 1356 640 1389 haben
668 1358 800 1388 armati
825 1367 879 1388 01·-

197 1405 353 1445 natique,
379 1411 451 1435 was
469 1401 539 1434 sich
556 1401 638 1434 auch
655 1405 749 1434 sonst
763 1400 880 1441 findet,

199 1449 427 1490 s.7,10‚;5
462 1448 517 1487 24,
551 1448 880 1487 4S‚..7ua—a

199 1494 337 1536 quzbus,
363 1491 415 1524 die
441 1501 468 1525 c.
501 1494 548 1532 12,
574 1472 613 1525 14
639 1491 879 1524 bezeichneten

200 1541 281 1570 eaett·
284 1537 487 1570 αονᾱίηαφίί
501 1536 568 1569 und
583 1536 636 1569 die
652 1535 880 1569 betreffenden

201 1583 318 1616 Theile
343 1582 400 1615 der
424 1582 494 1622 ala,
526 1592 592 1614 von
625 1581 731 1614 denen
764 1582 882 1614 immer

201 1627 287 1661 noch
313 1627 367 1660 die
381 1627 560 1667 Cohorten,
583 1626 637 1659 die
661 1627 731 1660 ihre
746 1626 881 1659 Fahnen

200 1673 353 1706 verloren
380 1672 499 1713 haben,
525 1671 783 1705 unterschieden
797 1682 882 1705 wer-

201 1716 263 1751 den
291 1718 459 1754 konuten:
486 1717 539 1750 die
564 1728 591 1750 c.
621 1718 724 1758 12,17
754 1716 881 1760 gleich-

200 1763 276 1797 falls
302 1762 496 1796 erw'ahnten
522 1762 668 1806 Manipel
703 1762 776 1795 sind
812 1762 882 1795 hier

201 1808 269 1841 und
295 1818 322 1841 c.
353 1810 403 1850 14,
424 1810 442 1841 3
468 1808 695 1850 iibergangen.
713 1827 756 1831 —
771 1809 881 1840 omni-

203 1855 264 1885 bus
292 1873 315 1875 —
342 1854 562 1894 universz'sq„
587 1852 789 1892 chiastisch,
814 1862 880 1885 von

201 1897 321 1931 beiden
331 1896 449 1929 Satzen
466 1897 570 1940 hangt
584 1908 626 1928 ne
640 1900 703 1930 etc.
717 1897 768 1929 ab.
783 1897 881 1935 facta

202 1943 234 1975 in
252 1942 365 1985 Bezug
391 1942 448 1974 aus
471 1943 546 1974 cibo
566 1946 628 1974 etc.
654 1941 720 1974 und
748 1941 800 1975 die
815 1943 881 1975 An—

203 1987 357 2030 ordnung
382 1987 440 2020 der
464 1986 690 2029 Ausstellung.

246 2032 305 2067 14.
334 2034 428 2065 1—2.
456 2034 648 2074 quipossz‘t,
675 2031 880 2064 0106113131(-

203 2077 409 2111 teristischer
434 2076 506 2120 Zug
531 2077 590 2110 der
603 2077 734 2117 Rdmer,
760 2087 785 2110 s.
803 2080 834 2118 9,
850 2079 881 2118 3,

207 2125 262 2161 12;
282 2125 334 2164 26,
349 2125 403 2164 41,
425 2124 477 2160 12;
507 2122 768 2165 Verg.11‚305:
796 2133 881 2164 quos

203 2169 303 2201 nulla
335 2168 498 2209 fatigant
527 2168 665 2210 proelia
703 2178 766 2199 nec
798 2169 883 2200 victi

201 2217 350 2256 possunt
375 2214 541 2244 absistere
565 2213 674 2251 fem-0.
700 2232 743 2236 —
768 2223 827 2244 seu
854 2232 879 2235 —

203 2269 275 2299 sea,
300 2269 324 2291 s.
352 2260 406 2299 30,
429 2260 532 2299 40,7;
560 2261 590 2299 7,
606 2259 658 2299 20,
675 2260 703 2290 7.
730 2277 772 2281 -
800 2259 882 2289 uicit

205 2323 229 2327 —
258 2305 359 2335 violis
383 2322 409 2326 —
436 2305 548 2334 victus
563 2322 589 2325 —
610 2305 745 2343 victor„
771 2303 882 2335 Wort-

203 2348 289 2390 spiel
315 2348 379 2380 wie
404 2358 432 2380 c.
462 2349 544 2389 12,5
572 2349 696 2380 audac.
724 2351 802 2385 etc.;
829 2351 881 2379 in-

203 2397 274 2425 stat
299 2412 326 2416 —
353 2395 541 2434 instaurat,
567 2393 788 2425 Alliteration.
825 2393 880 2424 de-

203 2437 332 2479 menti„
369 2439 400 2478 2,
431 2440 461 2477 6,
490 2440 527 2471 4:
566 2437 721 2470 Romano
758 2438 879 2470 saltem

205 2483 292 2515 duce
318 2484 532 2524 ignominias
558 2483 756 2515 demendas.

251 2529 350 2561 3—4.
377 2529 522 2560 sinistra
550 2532 625 2570 etc.‚
658 2527 710 2561 die
735 2528 882 2561 Ausstel-

203 2573 287 2616 lung
311 2572 353 2605 ist
380 2573 444 2606 wie
465 2582 515 2605 am
532 2572 623 2616 Tage
638 2573 770 2616 vorher,
796 2573 880 2606 doch

950 1355 1041 1388 steht
1066 1355 1119 1388 die
1146 1355 1216 1397 ala,
1248 1354 1300 1388 die
1326 1356 1369 1388 im
1396 1355 1631 1389 Hintertreffen

951 1400 1136 1443 gestanden
1162 1400 1270 1439 hatte,
1300 1401 1388 1442 jetzt
1420 1401 1465 1433 im
1491 1400 1630 1434 Vorder-

950 1445 1079 1478 treffen.
1118 1445 1188 1478 Nur
1201 1445 1378 1479 scheinbar
1399 1446 1632 1490 widerspricht

950 1490 1003 1523 die
1016 1491 1120 1524 Stelle
1136 1501 1162 1523 c.
1181 1493 1232 1531 13,
1251 1493 1303 1531 11,
1323 1490 1364 1523 da
1378 1490 1527 1524 daselbst
1541 1491 1633 1525 nicht

951 1539 1071 1578 gesagt
1094 1536 1148 1575 ist,
1175 1535 1252 1569 dass
1278 1536 1331 1568 die
1357 1545 1462 1579 ganze
1487 1537 1537 1569 ala
1553 1537 1631 1570 dex-

953 1585 1000 1614 tra
1012 1581 1078 1613 und
1089 1580 1181 1614 diese
1191 1581 1291 1613 allein
1300 1581 1353 1614 die
1361 1586 1449 1614 erste
1458 1582 1632 1615 Schlacht-

951 1626 1042 1659 reihe
1069 1626 1179 1659 bilden
1206 1626 1309 1667 solie,
1342 1626 1486 1660 sonderu
1514 1626 1631 1660 Theile

952 1671 1142 1709 derselben;
1187 1671 1339 1714 dagegen
1389 1671 1515 1705 konnte
1554 1682 1631 1705 man

952 1717 1035 1749 nach
1069 1726 1097 1750 c.
1126 1718 1176 1753 12.
1207 1719 1262 1756 14;
1301 1719 1350 1758 13,
1380 1719 1417 1750 11
1453 1721 1630 1759 erwarten,

952 1761 1029 1795 dass
1060 1762 1146 1794 auch
1179 1761 1231 1795 die
1271 1763 1320 1796 18.
1347 1762 1472 1805 Legion
1504 1763 1537 1795 in
1571 1763 1631 1796 das

951 1812 1038 1840 erste
1076 1806 1208 1840 'l'reffen
1246 1807 1401 1840 kommen
1441 1808 1565 1840 werde.
1590 1827 1632 1832 —

952 1853 994 1884 ab
1020 1851 1115 1884 Rom.
1142 1862 1208 1884 von
1235 1852 1348 1885 Seiten
1382 1851 1440 1885 der
1464 1852 1514 1895 R„
1547 1854 1632 1886 eben

952 1907 990 1930 so
1016 1897 1037 1939 ἓ
1054 1899 1083 1930 5.
1098 1915 1133 1921 -
1157 1897 1326 1935 cohortes,
1353 1897 1631 1932 wahrscheinlich

951 1941 1025 1974 sind
1057 1941 1140 1974 auch
1173 1941 1226 1974 die
1260 1941 1414 1975 cohortes
1448 1943 1631 1977 extraordi-

952 1987 1062 2019 nariae
1087 1987 1245 2039 gemeint,
1271 1998 1296 2020 5.
1328 1989 1377 2028 12,
1404 1990 1460 2026 14;
1489 1988 1576 2022 Plut.
1603 1999 1631 2023 c.

952 2034 1009 2065 26:
1037 2029 1075 2063 αἱ
1099 2028 1167 2063 δὲ
1151 2034 1391 2085 ητιμασμέναι
1407 2036 1551 2077 σπεῖσαι
1565 2031 1632 2075 τὴν

951 2072 1103 2122 ποώτηα
1145 2073 1251 2109 αὗται
1296 2065 1504 2118 ὃενθεῖσαι
1528 2076 1632 2118 ’τάξω

951 2107 1235 2167 παρεβάμθανοι
1267 2126 1330 2155 etc.
1359 2122 1506 2163 Cor-nel„
1542 2124 1632 2157 xiell.

951 2151 1018 2199 der
1034 2169 1088 2206 25,
1106 2169 1144 2209 23
1171 2169 1209 2200 41
1239 2167 1421 2200 erwahnte.
1451 2167 1630 2211 Claudius,

951 2213 1006 2253 26,
1034 2215 1083 2245 17.
1109 2231 1152 2235 —-
1177 2211 1327 2244 mediam
1354 2223 1417 2255 aa,
1449 2213 1493 2246 im
1519 2214 1632 2256 cigen-

951 2237 1060 2289 lichen
1097 2257 1199 2289 Siune
1238 2257 1364 2290 konnte
1402 2258 1475 2291 eine
1514 2258 1630 2291 media

952 2303 1044 2334 acies
1078 2301 1172 2334 nicht
1202 2302 1241 2334 da
1277 2303 1364 2345 sein,
1402 2303 1443 2336 da
1470 2304 1490 2346 ξ
1517 2305 1535 2337 3
1570 2314 1632 2337 nur

952 2347 1035 2380 zwei
1071 2347 1187 2390 Fliigel
1222 2348 1373 2380 θυι-311111
1405 2348 1551 2382 werden.
1588 2368 1630 2373 —

951 2393 1115 2424 hor-tator
1151 2396 1185 2433 t.,
1216 2402 1242 2425 5.
1268 2395 1298 2434 9,
1325 2395 1377 2434 27,
1407 2396 1461 2431 11;
1496 2395 1550 2435 21,
1575 2396 1630 2436 43,

956 2439 1013 2470 17:
1039 2440 1216 2479 spectator·
1242 2449 1282 2470 ac
1309 2441 1414 2471 teslc‘s.
1441 2458 1485 2461 —
1509 2438 1629 2478 firma-

953 2483 1027 2514 bat:
1052 2482 1253 2525 ermuthigte
1279 2483 1338 2525 sie,
1362 2483 1481 2516 anders
1496 2485 1524 2524 2,
1541 2486 1594 2524 31,
1610 2485 1628 2517 2

952 2526 1017 2559 und
1044 2532 1138 2560 sonst
1164 2528 1221 2560 oft.

999 2574 1262 2614 5—s.l›1·imam
1275 2573 1341 2613 -f7=.
1351 2576 1431 2606 51311
1441 2584 1495 2616 ρι’.
1508 2575 1631 2615 aciem,
