1732 2840
652 415 775 469 ΤΙΤΙ
810 415 942 469 LIVI

243 517 305 558 AB
337 517 469 558 URBE
501 515 719 558 CONDITA
751 517 1013 558 LlBRORUM
1043 516 1345 558 PERIOCHAE.

358 575 360 577 '
587 606 651 640 EX
676 606 829 639 LIBRO
855 605 1009 639 XXVII.

171 696 228 729 Cn.
244 696 380 730 Fulvius
405 697 585 740 proconsul
600 707 674 729 cum
701 697 848 729 exercitu
875 696 916 728 ab
931 696 1116 729 Hannibale
1142 696 1182 729 ad
1208 695 1417 729 Herdoneam
1436 706 1509 729 cae-

79 750 138 775 sus
156 744 216 774 est.
253 741 391 774 meliore
416 745 539 774 eventu
565 742 606 774 ab
624 741 762 774 Claudio
778 741 936 774 Marcello
962 741 1100 774 consule
1125 740 1287 775 adversus
1307 741 1449 774 eundem
1467 741 1508 774 ad

78 785 330 820 Numistronem
365 791 553 829 pugnatum
586 791 647 819 est.
707 786 783 820 inde
809 786 972 819 Hannibal
1006 789 1104 820 nocte
1139 787 1294 825 recessim
1333 785 1510 820 Marcellus

79 831 253 865 insecutus
275 835 326 864 est
347 836 380 864 et
394 832 535 865 subinde
550 832 724 865 cedentem
745 832 878 874 pressit,
901 831 1008 864 donec
1029 831 1236 875 confligeret.
1273 832 1383 875 priore
1396 841 1510 874 pugna

79 875 245 910 Hannibal
269 877 432 920 superior,
456 877 634 910 Marcellus
660 877 824 919 sequenti.
862 877 982 909 Fabius
1002 876 1168 910 Maximus
1193 877 1310 910 consul
1335 880 1431 919 pater
1447 876 1511 909 Ta-

79 922 229 955 rentinos
256 931 315 965 per
340 922 564 966 proditionem
590 922 730 965 recepit.
768 922 926 955 Claudius
950 921 1127 954 Marcellus
1153 921 1191 955 T.
1207 922 1363 960 Quintius
1389 921 1511 964 Crispi-

81 977 143 1000 nus
167 967 334 1008 consules‚
361 967 557 1010 speculandi
582 977 682 1000 causa
707 967 877 1010 progressi
903 977 920 1000 e
945 967 1075 1008 castris,
1105 966 1235 999 insidiis
1261 967 1300 999 ab
1326 966 1512 1000 Hannibale

79 1012 298 1045 circumventi
321 1018 410 1045 sunt.
447 1012 624 1045 Marcellus
649 1013 793 1053 occisus,
819 1012 989 1054 Crispinus
1014 1011 1111 1054 sugit.
1159 1011 1302 1045 lustrum
1321 1021 1338 1044 a
1365 1012 1510 1045 censori-

0 1042 4 1084 :
65 1056 144 1090 .bus
169 1057 340 1090 conditum
366 1060 428 1090 est.
467 1067 564 1091 censa
591 1060 670 1091 sunt
695 1057 817 1090 civium
844 1057 951 1100 capita
979 1067 1131 1095 CXXXVII
1155 1056 1272 1095 GV111;
1299 1067 1339 1090 ex
1362 1067 1428 1100 quo
1451 1067 1512 1090 nu-

80 1112 172 1135 mero
197 1103 363 1146 apparuit,
388 1106 551 1145 quantum
578 1102 747 1135 hominum
768 1105 819 1134 tot
842 1102 1046 1144 proeliorum
1072 1103 1213 1135 adversa
1235 1102 1367 1135 fortuna
1385 1102 1511 1145 populo

81 1147 234 1180 Romano
267 1147 473 1180 abstulisset.
521 1148 553 1180 in
585 1147 743 1191 Hispania
777 1147 818 1179 ad
846 1147 1025 1181 Baeculam
1057 1148 1170 1191 Scipio
1204 1158 1278 1180 cum
1304 1147 1511 1181 Hasdrubale

81 1195 116 1226 et
140 1192 325 1226 Hamilcare
345 1192 495 1226 conflixit
515 1196 549 1226 et
562 1193 653 1227 vicit.
689 1193 776 1226 inter
801 1192 865 1225 alia
890 1197 1025 1236 captum
1044 1193 1191 1236 regalem
1210 1203 1351 1235 puerum
1371 1193 1512 1226 eximiae

82 1237 207 1271 formae
225 1237 265 1270 ad
284 1238 487 1271 avunculum
505 1237 715 1271 Masinissam
743 1248 815 1271 cum
835 1237 932 1271 donis
958 1238 1093 1271 dimisit.
1129 1237 1329 1279 Hasdrubal,
1354 1239 1409 1281 qui
1436 1248 1511 1271 cum

81 1283 229 1317 exercitu
255 1293 344 1316 novo
369 1283 473 1326 Alpes
499 1283 762 1324 transcenderat,
787 1286 825 1315 ut
849 1294 885 1316 se
902 1283 1076 1317 Hannibali
1103 1284 1331 1326 coniungeret,
1357 1294 1431 1317 cum
1450 1284 1511 1316 mi-

81 1328 168 1362 libus
194 1328 363 1361 hominum
389 1328 456 1361 LVl
482 1338 601 1362 caesus
627 1332 687 1370 est,
712 1332 811 1372 capta
836 1332 928 1365 Voce
951 1328 993 1362 Μ.
1019 1329 1090 1362 Livi
1116 1328 1264 1362 consulis
1299 1328 1418 1369 ductu,
1453 1328 1512 1362 sed

82 1384 150 1407 non
175 1374 306 1407 minore
331 1383 433 1417 opera
461 1373 575 1407 Claudi
600 1374 742 1407 Neronis
768 1374 926 1417 consulis,
952 1374 1019 1417 qui,
1043 1384 1119 1407 cum
1144 1373 1320 1406 Hannibali
1334 1374 1512 1417 oppositus

83 1422 184 1460 esset,
208 1418 333 1452 relictis
359 1419 477 1452 castris
501 1420 559 1462 ita,
585 1423 622 1452 ut
645 1419 777 1452 hostem
803 1419 950 1460 falleret,
983 1430 1057 1452 cum
1085 1419 1189 1452 electa
1215 1429 1316 1452 manu
1342 1419 1514 1463 profectus

82 1463 321 1497 Hasdrubalem
347 1465 622 1498 circumvenerat.
670 1475 722 1497 res
746 1468 916 1507 praeterea
950 1474 967 1497 a
994 1464 1030 1497 P.
1055 1463 1212 1507 Scipione
1238 1465 1269 1496 in
1297 1463 1454 1508 Hispania
1480 1468 1513 1497 et

85 1518 103 1542 a
130 1509 164 1542 P.
191 1508 342 1552 Sulpicio
367 1514 521 1554 praetore
555 1509 716 1543 adversus
742 1509 933 1552 Philippum
968 1514 1001 1543 et
1025 1510 1178 1543 Achaeos
1210 1513 1323 1553 gestas
1353 1510 1512 1543 continet.

567 1711 631 1744 EX
662 1710 816 1744 LIBRO
848 1710 1026 1744 XXVIII.

176 1800 243 1835 Res
268 1801 300 1833 in
314 1800 474 1844 Hispania
500 1811 659 1845 prospere
679 1804 796 1844 gestae
817 1811 834 1832 a
850 1800 963 1833 Silano
978 1799 1146 1843 Scipionis
1159 1800 1271 1843 legato
1294 1803 1326 1833 et
1339 1800 1380 1833 ab
1394 1801 1428 1834 L.
1443 1800 1514 1834 Sci-

84 1846 186 1890 pione
211 1845 310 1879 fratre
335 1846 497 1880 adversus
510 1846 654 1889 Poenos,
680 1857 698 1879 a
712 1846 861 1889 Sulpicio
877 1845 1075 1889 proconsule
1090 1845 1182 1878 socio
1195 1846 1309 1879 Attalo
1323 1855 1401 1889 rege
1415 1846 1515 1879 Asiae

85 1891 247 1925 adversus
259 1891 453 1935 Philippum
474 1902 586 1935 regern
600 1891 822 1925 Macedonum
844 1902 904 1934 pro
921 1890 1048 1924 Aetolis
1067 1891 1267 1924 referuntur.
1304 1901 1379 1924 cum
1397 1890 1440 1925 M.
1464 1891 1515 1924 Li-

87 1937 144 1970 vio
169 1940 202 1969 et
227 1936 365 1970 Claudio
390 1937 514 1970 Neroni
528 1937 723 1970 consulibus
750 1937 937 1980 triumphus
963 1935 1117 1969 decretus
1137 1940 1239 1978 esset,
1263 1936 1387 1977 Livius,
1411 1937 1515 1980 quiin

88 1981 259 2025 provincia
286 1991 344 2015 sua
370 1992 440 2015 rem
465 1987 627 2024 gesserat,
653 1981 824 2026 quadrigis
848 1982 1002 2015 invectus
1017 1984 1079 2020 est,
1104 1981 1204 2022 Nero,
1229 1981 1338 2024 quiin
1365 1981 1516 2024 collegae

87 2026 307 2070 provinciam,
321 2030 357 2059 ut
370 2027 544 2060 victoriam
560 2028 630 2061 eius
644 2027 829 2068 adiuvaret,
849 2031 999 2067 venerat,
1022 2036 1108 2069 equo
1124 2030 1259 2059 secutus
1275 2029 1336 2068 est,
1358 2030 1392 2059 et
1404 2026 1437 2058 in
1453 2026 1516 2059 hoc

88 2071 204 2105 habitu
230 2071 307 2114 plus
321 2071 447 2115 gloriae
460 2074 734 2116 reverentiaeque
760 2072 888 2105 habuit:
916 2082 990 2104 nam
1012 2075 1045 2104 et
1059 2072 1134 2115 plus
1159 2071 1190 2103 in
1213 2071 1302 2104 bello
1324 2081 1424 2113 quam
1449 2072 1517 2104 col-

87 2117 164 2168 lega
178 2116 312 2149 fecerat
338 2117 425 2160 ignis
438 2117 470 2150 in
487 2117 568 2151 aede
581 2117 705 2151 Vestae
718 2117 933 2168 neglegentia
947 2117 1097 2160 virginis,
1118 2126 1204 2159 quae
1219 2126 1283 2149 non
1299 2116 1516 2155 custodierat,

89 2162 257 2195 extinctus
274 2164 340 2200 est;
367 2171 464 2196 caesa
489 2167 540 2196 est
553 2163 670 2206 flagro.
700 2163 737 2196 P.
751 2162 863 2206 Scipio
882 2163 913 2194 in
928 2162 1086 2204 Hispania
1103 2172 1177 2194 curn
1192 2161 1313 2195 Poenis
1334 2160 1518 2194 debellavit

90 2206 176 2240 Xllll
203 2216 289 2239 anno
315 2207 386 2240 eius
410 2207 500 2248 belli,
527 2208 644 2251 quinto
668 2211 746 2252 post
770 2217 857 2240 anno
884 2216 981 2250 quam
1006 2207 1106 2249 ierat,
1133 2206 1383 2258 praeclusisque
1408 2206 1440 2238 in
1467 2211 1517 2239 to-

89 2255 160 2285 tum
185 2252 401 2294 possessione
421 2253 614 2295 provinciae
628 2254 698 2287 eius
719 2253 874 2286 hostibus
888 2252 1063 2295 Hispanias
1082 2252 1224 2295 recepit;
1251 2255 1283 2284 et
1297 2261 1313 2284 a
1329 2251 1517 2285 Tarracone

88 2297 122 2330 in
147 2297 293 2330 Africam
325 2297 366 2329 ad
391 2296 578 2341 Syphacem
613 2309 724 2342 regem
751 2297 986 2342 Massyliorum
1020 2300 1230 2331 transvectus
1255 2296 1374 2330 foedus
1399 2297 1516 2330 iunxit.

89 2341 274 2375 Hasdrubal
301 2341 456 2385 Gisgonis
480 2343 523 2375 ibi
549 2354 625 2376 cum
651 2354 690 2377 eo
715 2344 747 2376 in
774 2342 891 2376 eodem
917 2343 1006 2376 lecto
1031 2342 1176 2376 cenavit.
1212 2351 1334 2374 munus
1352 2342 1516 2385 gladiato-

89 2387 175 2420 rium
198 2388 232 2420 in
257 2387 416 2420 honorem
442 2388 546 2430 patris
570 2389 749 2432 patruique
768 2388 958 2431 Carthagini
984 2397 1070 2420 noxa
1097 2386 1210 2429 edidit,
1235 2397 1300 2420 non
1327 2397 1366 2420 ex
1387 2386 1517 2430 gladia·

88 2432 234 2473 toribus,
271 2432 329 2465 sed
361 2443 401 2466 ex
434 2432 501 2474 his,
540 2434 596 2476 qni
627 2437 685 2467 aut
716 2435 750 2467 in
783 2433 943 2466 honorem
983 2432 1076 2465 ducis
1115 2436 1171 2464 aut
1202 2441 1243 2464 ex
1275 2433 1517 2475 provocatione

90 2477 356 2516 descendebant;
390 2478 422 2510 in
456 2488 522 2520 quo
556 2479 661 2522 reguli
687 2480 804 2512 fratres
837 2478 878 2511 de
904 2487 1006 2521 regno
1032 2477 1117 2510 ferro
1149 2477 1403 2510 contenderunt.
1441 2487 1515 2511 cum

90 2522 178 2556 Gisia
202 2523 282 2556 urbs
307 2523 568 2566 obpugnaretur,
593 2524 752 2567 oppidani
773 2523 896 2556 liberos
919 2527 951 2555 et
971 2522 1132 2566 coniuges
1151 2532 1232 2565 rogo
1253 2525 1405 2556 extructo
1430 2523 1517 2557 occi-
