1732 2840
70 113 94 133 a.
114 106 164 133 Cb.
183 107 242 133 206.

521 93 645 128 LIBER
670 93 810 127 XXVlll.
859 93 953 127 CAP.
979 95 1031 127 22.

1418 91 1491 131 181

70 208 224 249 insidiis
245 209 553 248 circumventum
571 207 707 259 iniquo
729 207 815 246 loeo
838 207 1130 247 interfecerunt.
1174 208 1219 247 ad
1241 207 1341 246 hanc
1362 207 1498 247 urbem
1519 215 1538 246 5

72 265 376 318 oppugnandam
394 276 482 304 cum
508 264 687 304 admotus
704 264 896 303 exercitus
917 270 1032 311 esset,
1056 264 1241 315 oppidani
1259 264 1498 304 conscientia

72 322 276 369 scelerum,
299 321 388 372 quia
417 333 489 360 nec
515 320 659 360 deditio
678 326 758 360 tuta
774 320 820 359 ad
842 326 918 359 tam
941 321 1104 360 infestos
1126 321 1338 369 videbatur,
1371 332 1499 371 neque

70 391 160 430 spes
180 377 388 417 moenibus
409 382 473 416 aut
495 377 612 416 armis
643 377 809 416 tuendae
839 377 973 416 salutis
1003 382 1104 424 erat,
1134 377 1286 416 facinus
1315 377 1354 416 in
1385 389 1426 416 se
1455 388 1499 416 ac

69 446 162 474 suos
193 434 349 474 foedum
380 446 424 472 ae
455 434 581 472 serum
614 434 878 473 consciscunt.

70 502 148 542 quo
170 490 449 542 pretiosissima
470 502 602 529 rerum
624 502 783 529 suarum
805 496 1085 540 congererent;
1109 502 1229 541 super
1250 501 1338 529 eum
1361 501 1499 529 cumu-

68 547 149 586 lum
171 547 360 597 coniuges
381 558 426 585 ac
446 546 591 586 liberos
614 547 817 586 considere
840 559 928 585 curn
952 546 1158 595 iusissent,
1186 546 1289 596 ligna
1312 551 1500 585 extruunt

861 603 1143 654 quinquaginta
1174 602 1314 641 deinde
1344 601 1500 640 armatis
1521 609 1538 639 7

70 659 277 699 iuvenibus
297 659 569 711 praecipiunt,
594 664 635 698 ut
649 690 658 707 ,
681 660 807 698 donec
828 659 1003 698 incertus
1025 663 1186 698 eventus
1207 670 1363 710 pugnae
1384 663 1499 705 esset,

69 716 308 768 praesidium
329 728 374 754 eo
396 715 483 754 loco
507 716 752 755 fortunarum
775 727 934 755 suarum
960 727 1273 766 corporumque,
1306 727 1406 766 quae
1438 726 1500 753 ca-

70 773 173 811 riora
196 772 363 811 fortunis
381 777 524 819 essent,
547 777 765 819 servarent;
788 772 819 810 si
838 784 920 811 rem
942 772 1165 810 inclinatam
1188 771 1361 810 viderent
1385 776 1500 821 atque
1521 777 1540 808 8

69 830 108 868 in
133 841 178 868 eo
201 829 274 867 iam
297 841 395 876 esse,
420 834 462 867 ut
482 828 578 867 urbs
601 833 819 879 caperetur,
842 828 1001 875 scirent,
1025 828 1165 875 omnis,
1189 840 1288 878 quos
1310 827 1438 866 euntis
1459 827 1498 865 in

69 885 264 936 proelium
286 890 507 931 cernerent,
529 890 693 923 mortem
717 885 755 923 in
779 884 861 934 ipsa
884 895 1016 934 pugna
1039 883 1237 930 obituros;
1260 883 1347 922 illos
1368 895 1410 922 se
1431 894 1502 934 per
1521 889 1541 920 9

69 943 162 981 deos
185 953 351 992 superos
374 941 601 991 inferosque
622 953 754 988 orare,
786 946 830 979 ut
850 951 1043 978 memores
1070 939 1282 987 libertatis,
1314 951 1412 990 quae
1435 939 1499 978 illo

74 998 135 1036 die
157 1003 223 1036 aut
244 1002 368 1035 morte
389 997 552 1036 honesta
574 1004 640 1036 aut
661 997 846 1036 servitute
882 995 1016 1034 infami
1048 995 1217 1035 finienda
1249 1001 1371 1043 esset,
1402 994 1500 1034 nihil

34 1090 38 1093 .
69 1054 354 1105 relinquerent,
376 1053 416 1091 in
434 1053 538 1103 quod
556 1054 702 1092 saevire
718 1053 838 1091 iratus
856 1052 978 1091 hostis
993 1058 1138 1103 posset.
1179 1053 1326 1091 ferrum
1349 1053 1499 1101 ignem·
1526 1058 1560 1089 10

71 1123 147 1162 que
168 1110 207 1149 in
229 1109 409 1148 manibus
432 1121 537 1157 esse;
569 1109 712 1148 amicae
733 1121 777 1147 ac
798 1108 931 1147 fideles
953 1108 1085 1160 potius
1107 1121 1172 1158 ea,
1206 1121 1305 1159 quae
1328 1108 1501 1160 peritura

71 1171 224 1214 essent,
254 1165 506 1204 absumerent
526 1177 687 1213 manus,
721 1177 836 1216 quam
864 1165 1099 1204 insultarent
1128 1165 1300 1216 superbo
1332 1164 1500 1204 ludibrio

68 1223 206 1262 hostis.
248 1222 308 1260 his
329 1221 666 1261 adhortationibus
681 1222 874 1261 execratio
892 1221 974 1260 dira
995 1222 1154 1270 adiecta,
1177 1222 1209 1260 si
1231 1234 1348 1272 quem
1371 1234 1390 1260 a
1408 1233 1500 1273 pro-

69 1279 198 1331 posito
219 1290 310 1330 spes
332 1278 538 1317 mollitiave
555 1278 672 1317 animi
693 1278 876 1318 flexisset.
924 1277 1015 1317 inde
1038 1279 1230 1318 concitato
1258 1278 1411 1329 agmine
1433 1290 1501 1330 pa-

68 603 271 654 sascesque
301 603 559 654 virgultorum
589 603 803 642 coniciunt.

70 1404 282 1434 commeatus
296 1400 457 1443 gelesen),
481 1403 576 1434 sonst
590 1400 750 1434 bedeutet

70 1455 121 1479 es:
148 1445 361 1488 Begleitung‚
375 1445 528 1488 Gefolge,
547 1448 578 1484 3,
592 1448 646 1487 47,
660 1448 691 1480 3.
706 1465 749 1469 —

70 1491 326 1530 interfecerunt
336 1491 416 1523 hebt
430 1490 490 1523 das
503 1491 648 1530 Factum,
663 1490 750 1523 ohne

69 1535 263 1579 Beziehung
288 1536 347 1568 aus
366 1536 499 1578 sp'atere
520 1535 751 1569 Verbaltnisse

69 1580 202 1622 hervor,
227 1591 254 1614 s.
280 1583 334 1622 21,
359 1583 390 1619 8,
416 1583 456 1618 ὃς
485 1583 536 1620 10,
561 1583 669 1621 44,4;
696 1583 751 1623 32,

71 1627 126 1666 26,
152 1629 184 1668 3,
209 1626 277 1668 vgl.
303 1636 344 1658 zu
373 1628 402 1666 1,
430 1628 458 1667 1,
488 1628 515 1658 1.

115 1673 216 1704 5—6.
242 1670 346 1703 dedic.
374 1674 395 1702 t.
423 1670 492 1712 ad„
518 1680 544 1703 s.
560 1672 614 1711 27,
632 1672 682 1710 15,
702 1672 752 1703 12.

70 1734 113 1740 —
138 1716 281 1755 facinus
305 1734 333 1738 -
358 1714 454 1754 foed.
487 1726 539 1748 ac.
563 1715 602 1754 Ιῖ,
636 1715 752 1748 Altite-

69 1760 190 1801 ration,
214 1760 358 1799 foedum
384 1760 444 1793 das
480 1760 665 1793 natfirliche
689 1759 751 1793 Ge-

69 1805 143 1838 fiihl
167 1804 381 1846 verletzend‚
413 1805 531 1844 ferum
557 1815 617 1838 aus
642 1805 749 1838 einem

71 1849 206 1890 wilden,
237 1850 340 1884 rohen
366 1850 547 1883 Charakter
571 1850 750 1892 hervorge-

71 1905 217 1939 gangen.
254 1895 312 1928 Die
336 1895 490 1928 'abnliche
503 1894 591 1928 That
616 1895 674 1928 der
688 1895 748 1928 Sa-

72 1941 228 1984 guntiner
252 1939 335 1973 wird
362 1942 418 1981 21,
446 1943 485 1974 14
516 1940 608 1973 nicht
631 1950 668 1973 so
694 1941 751 1973 be-

70 1985 220 2026 urtheilt,
248 1985 317 2028 vgl.
338 1984 464 2026 jedoch
491 1987 544 2026 31,
574 1988 623 2025 17,
652 1988 682 2020 5.
708 2005 752 2009 —

72 2030 183 2069 facin.
221 2048 249 2055 -
288 2032 456 2071 coruscis„
494 2031 557 2063 wie
594 2034 752 2072 mortem,

73 2075 231 2115 eaeilium,
256 2074 316 2108 das
340 2075 430 2108 dann
446 2075 659 2117 gewohnlich
679 2075 750 2107 hin-

72 2119 254 2163 zugesfigte
286 2121 355 2152 sibi
378 2120 462 2153 wird
488 2120 558 2153 hier
586 2120 690 2153 durch
714 2123 752 2152 in

72 2176 108 2198 se
133 2176 161 2199 e.
187 2176 213 2198 s.
238 2168 414 2198 vertreten.
431 2185 474 2190 —
491 2169 581 2208 pret.
607 2177 637 2199 r.
663 2177 702 2207 s.,
725 2175 753 2198 s.

75 2213 106 2252 1,
131 2211 186 2252 36,
211 2212 242 2243 6.
267 2228 312 2234 -
335 2209 422 2249 fasc.
452 2213 560 2253 vir-gt,
593 2210 662 2254 vgl.
696 2212 751 2251 22,

77 2257 129 2295 16,
155 2257 172 2288 7
199 2254 314 2294 fasces
339 2256 537 2296 virgarum.

120 2301 244 2333 7—10.
268 2300 425 2341 praesid.
449 2319 476 2325 —
500 2311 602 2340 serv„
627 2299 754 2333 Wache

72 2343 208 2386 halten,
239 2344 305 2377 wie
330 2346 385 2385 33,
410 2347 443 2386 4,
467 2346 502 2378 2:
528 2356 671 2377 servare
695 2355 753 2377 cu-

73 2391 228 2428 stodias,·
253 2391 309 2431 34,
333 2391 365 2432 9,
391 2391 428 2423 6:
453 2392 641 2422 servabant
665 2392 754 2432 vigi-

77 2435 167 2476 lias‚·
191 2436 245 2473 27,
273 2437 326 2474 15,
354 2436 409 2474 t7;
433 2435 653 2477 praesidium
677 2437 753 2477 agi-

75 2483 162 2513 tare.
171 2497 214 2505 -
221 2479 416 2521 fortunar„
428 2479 448 2522 ξ
461 2482 480 2513 6
488 2482 753 2522 pretiosissima.

74 2543 118 2549 —
143 2527 181 2557 in
206 2535 244 2556 eo
270 2527 294 2558 i.
321 2536 359 2564 e.‚
387 2534 418 2558 n.
443 2535 536 2566 rem,
561 2526 616 2566 30,
644 2526 696 2566 19,
721 2527 753 2558 3.

818 1402 970 1440 scirent,
1003 1401 1056 1441 27,
1088 1402 1142 1442 35,
1175 1402 1206 1440 4,
1237 1398 1502 1442 Aufsorderung;

820 1444 880 1478 das
905 1445 1036 1488 lmperf.
1071 1445 1115 1478 ist
1139 1445 1260 1478 anders
1294 1455 1335 1478 zu
1360 1444 1502 1477 nehmen

821 1490 870 1523 als
910 1490 963 1523 die
1001 1490 1313 1533 vorhergehenden.
1347 1508 1390 1514 ——
1422 1490 1502 1521 illos

820 1535 854 1568 in
879 1539 962 1568 orat.
987 1539 1090 1568 recta:
1119 1546 1200 1576 vos,·
1224 1536 1285 1568 illo
1302 1552 1346 1564 =
1368 1536 1443 1567 lzoc.
1458 1554 1501 1558 —

821 1580 991 1622 finienda,
1017 1590 1044 1613 s.
1059 1583 1114 1622 44,
1129 1582 1236 1621 34‚9:
1264 1584 1328 1613 aut
1351 1581 1501 1612 victoria

822 1628 968 1666 egregia
984 1629 1174 1657 autmorte
1186 1625 1409 1658 memorabili
1421 1624 1502 1664 fini-

824 1674 922 1702 turos
949 1670 1098 1710 bellum;
1123 1672 1178 1710 27,
1206 1673 1258 1713 13,
1288 1672 1338 1703 10.
1354 1688 1397 1693 —
1413 1680 1502 1711 quae

819 1725 894 1757 per.
922 1726 961 1756 e.‚
987 1724 1058 1748 was
1083 1714 1170 1748 doch
1195 1715 1269 1748 dem
1286 1715 1505 1757 L‘ntergange

822 1759 983 1793 versallen
1009 1760 1074 1799 sei,
1100 1763 1131 1800 5,
1157 1762 1210 1801 39,
1241 1762 1290 1793 12.
1317 1779 1358 1784 —-
1385 1769 1501 1802 quam,

821 1815 847 1839 S.
875 1806 905 1844 2,
936 1807 985 1844 15,
1012 1806 1049 1847 2;
1082 1805 1143 1837 mit
1173 1805 1372 1848 vorhergeh.
1396 1805 1501 1847 Impe-

820 1850 906 1883 rativ
939 1852 971 1891 7,
997 1852 1050 1891 30,
1078 1852 1134 1883 17:
1169 1852 1288 1892 potius
1321 1852 1501 1892 occupate,

820 1905 968 1937 quam-
984 1897 1132 1934 sinatis;
1156 1895 1226 1937 vgl.
1253 1897 1283 1937 7,
1309 1897 1365 1936 40,
1394 1897 1502 1928 14.—

822 1940 993 1973 insultent
1025 1940 1069 1973 ist
1094 1940 1266 1973 entweder
1295 1940 1431 1973 absolut
1461 1950 1501 1972 zu

821 1986 984 2025 nehmen,
1016 1985 1096 2018 oder
1128 1995 1187 2018 aus
1221 1996 1261 2017 ea
1292 1995 1333 2017 zu
1363 1983 1503 2017 wieder-

821 2030 920 2064 holen
946 2033 1001 2072 iis,
1027 2030 1066 2063 da
1082 2030 1116 2062 L.
1142 2029 1205 2062 den
1227 2029 1323 2062 Dativ
1348 2030 1408 2061 mit
1433 2028 1503 2061 die-

822 2085 891 2108 sem
918 2075 1051 2115 Worte,
1077 2074 1170 2107 nicht
1195 2074 1259 2107 den
1286 2076 1419 2115 Aecus„
1445 2073 1503 2107 der

821 2120 893 2153 sich
925 2124 1020 2153 sonst
1058 2119 1231 2152 bisweilen
1269 2118 1391 2158 findet,
1428 2129 1503 2152 ver-

822 2165 948 2198 bindet.
997 2165 1062 2197 Zur
1087 2164 1194 2198 sache
1229 2175 1255 2197 s.
1289 2166 1343 2204 26,
1372 2165 1423 2203 13,
1452 2166 1502 2197 15.

822 2229 867 2234 ——
893 2211 1002 2242 hostis
1034 2209 1216 2251 Nominat„
1247 2220 1275 2242 c.
1301 2210 1354 2247 25,
1380 2212 1416 2251 53
1450 2210 1502 2249 33,

825 2258 880 2293 15;
907 2256 1031 2297 27,18,
1046 2256 1081 2293 2;
1107 2265 1148 2287 zu
1163 2256 1216 2295 24,
1230 2257 1262 2296 5,
1277 2256 1314 2290 ὃς
1335 2255 1388 2292 42,
1404 2255 1458 2294 30,
1472 2256 1503 2287 7.

871 2301 1194 2338 11—12.eoeecrat.‚
1220 2299 1288 2341 vgl.
1303 2301 1358 2340 26,
1374 2300 1429 2340 25,
1445 2300 1503 2337 12;

827 2347 877 2387 10,
904 2347 958 2386 38,
986 2347 1041 2383 10;
1072 2347 1125 2384 31,
1154 2347 1206 2385 17,
1233 2345 1268 2376 9:
1305 2344 1503 2376 execrabile

824 2400 977 2423 carmen.
1002 2409 1046 2414 —
1076 2391 1108 2421 si
1137 2389 1172 2421 in
1206 2387 1319 2432 Bezug
1348 2388 1408 2421 auf
1439 2388 1503 2421 den

821 2435 929 2468 lnhalt
954 2435 1012 2468 der
1036 2434 1213 2467 execratio.
1234 2452 1279 2457 —
1298 2434 1503 2475 mollitiave,

823 2478 1198 2520 Charakterschwache,
1223 2480 1254 2517 2,
1279 2480 1333 2520 27,
1360 2481 1396 2518 43
1422 2478 1502 2512 Sall.

823 2525 858 2558 C.
873 2526 926 2558 52.
941 2526 1000 2558 28:
1026 2526 1158 2556 inertia
1173 2527 1206 2556 et
1219 2524 1372 2556 mollitia
1392 2526 1506 2557 animi

940 434 1069 472 locum
1101 433 1141 472 in
1174 434 1258 472 foro
1291 433 1499 481 destinant,
1519 439 1539 471 6

1526 1228 1558 1259 li
