1732 2840
791 437 914 492 ΤΙΤΙ
949 437 1080 491 LIVI

379 541 441 580 AB
473 541 605 580 URBE
638 539 856 581 CONDITA
887 540 1149 580 LIBRORUM
1180 540 1483 581 PERIOCHAE.

729 630 790 662 EX
815 629 969 663 LIBRO
994 629 1130 662 XXIX.

308 719 355 752 Ex
379 719 490 753 Sicilia
510 721 544 754 C.
564 720 693 753 Laelius
718 720 751 753 in
769 720 912 754 Africam
938 730 956 752 a
970 719 1126 763 Scipione
1151 720 1275 753 missus
1300 721 1470 764 ingentem
1488 719 1645 763 praedam

217 765 401 808 reportavit
427 768 461 798 et
485 766 640 798 mandata
666 765 863 799 Masinissae
880 766 1028 808 Scipioni
1055 766 1222 809 exposuit,
1247 766 1428 809 querentis,
1454 766 1545 809 quod
1563 776 1647 800 non-

215 812 294 844 dum
321 811 502 844 exercitum
527 812 560 843 in
579 811 724 844 Africam
748 811 947 844 traiecisset.
983 811 1108 844 bellum
1132 812 1165 843 in
1183 811 1344 854 Hispania
1366 811 1498 845 finitum
1518 811 1646 845 victore

216 857 379 895 Romano,
405 856 493 899 quod
518 856 676 890 Indebilis
701 857 923 895 excitaverat;
949 856 1023 899 ipse
1048 857 1081 889 in
1107 857 1178 890 acie
1204 857 1349 898 occisus,
1372 856 1573 890 Mandonius
1590 867 1646 890 ex—

216 902 435 946 poscentibus
450 902 608 935 Romanis
634 913 650 935 a
677 902 746 935 suis
771 901 914 935 deditus.
951 902 1097 945 Magoni,
1123 902 1179 945 qui
1193 902 1398 945 Albingauni
1422 903 1455 935 in
1469 902 1646 946 Liguribus

217 951 298 989 erat,
324 958 363 980 ex
381 947 491 980 Africa
517 950 551 980 et
574 948 718 980 militum
734 948 847 991 ampla
863 957 981 980 manus
998 948 1102 981 missa
1126 951 1160 981 et
1177 948 1351 991 pecuniae,
1375 948 1497 991 quibus
1522 947 1646 981 auxilia

216 993 428 1033 conduceret,
454 996 751 1037 praeceptumque,
775 996 812 1026 ut
830 1003 866 1026 se
879 993 1055 1026 Hannibali
1074 993 1304 1036 coniungeret.
1340 993 1452 1036 Scipio
1469 1003 1486 1025 a
1502 992 1647 1036 Syracu-

216 1039 263 1072 sis
286 1039 320 1071 in
337 1038 488 1072 Bruttios
512 1039 644 1072 traiecit
669 1043 703 1072 et
714 1039 839 1072 Locros
863 1038 962 1082 pulso
976 1039 1103 1071 Punico
1129 1038 1295 1081 praesidio
1319 1039 1504 1082 fugatoque
1520 1038 1645 1071 Hanni-

215 1084 291 1117 bale
314 1083 451 1126 recepit.
488 1093 554 1125 pax
579 1094 653 1116 cum
671 1084 827 1126 Philippo
853 1084 938 1117 facta
965 1087 1027 1117 est.
1064 1088 1169 1117 mater
1186 1084 1284 1117 Idaea
1313 1084 1488 1127 deportata
1514 1087 1565 1117 est
1577 1084 1646 1118 Ro-

215 1139 303 1162 mam
328 1138 345 1161 a
371 1129 574 1162 Pessinunte
599 1129 724 1172 oppido
743 1129 923 1172 Phrygiae,
949 1129 1095 1162 carmine
1120 1130 1152 1162 in
1178 1129 1270 1162 libris
1295 1128 1470 1173 Sibyllinis
1494 1130 1646 1172 invento,

216 1174 296 1218 pelli
315 1173 407 1206 ltalia
427 1174 648 1217 alienigenam
666 1174 797 1207 hostem
815 1184 926 1218 posse,
952 1175 979 1207 si
1005 1178 1111 1207 mater
1123 1174 1220 1208 Idaea
1238 1175 1412 1218 deportata
1432 1175 1574 1207 Romam
1591 1185 1645 1208 es-

216 1223 277 1253 set.
313 1219 433 1252 tradita
459 1223 511 1252 est
527 1223 639 1252 autem
654 1219 812 1253 Romanis
829 1229 889 1262 per
902 1219 1052 1252 Attalum
1069 1230 1181 1262 regem
1197 1220 1306 1254 Asiae.
1344 1221 1430 1264 lapis
1447 1223 1530 1262 erat,
1546 1230 1646 1264 quem

214 1268 355 1298 matrem
380 1264 479 1298 deum
505 1264 634 1297 incolae
659 1264 826 1298 dicebant.
866 1265 998 1307 excepit
1021 1264 1057 1297 Ρ.
1073 1265 1185 1308 Scipio
1204 1265 1323 1299 Nasica
1350 1267 1407 1298 Cn.
1435 1265 1535 1305 filius,
1561 1265 1644 1308 eius,

215 1311 272 1354 qui
296 1310 328 1342 in
355 1309 514 1352 Hispania
538 1310 695 1353 perierat,
720 1310 772 1342 vir
795 1310 940 1353 optimus
966 1320 984 1342 a
1006 1313 1126 1343 senatu
1142 1310 1322 1351 iudicatus,
1347 1310 1545 1344 adulescens
1562 1321 1645 1343 non—

215 1357 295 1389 dum
320 1355 543 1407 quaestorius,
567 1355 727 1398 quoniam
743 1356 788 1388 ita
806 1365 1005 1398 responsum
1022 1355 1170 1398 iubebat,
1195 1359 1232 1388 ut
1256 1356 1290 1389 id
1316 1366 1438 1389 numen
1457 1355 1498 1388 ab
1515 1356 1643 1398 optimo

215 1402 289 1434 viro
313 1400 517 1442 reciperetur
549 1405 878 1444 consecrareturque.
926 1400 1109 1434 Locrenses
1142 1401 1272 1444 legatos
1298 1400 1438 1434 Romam
1471 1401 1645 1443 miserunt,

215 1447 272 1490 qui
296 1446 337 1479 de
362 1445 559 1490 inpudentia
584 1446 726 1480 Plemini
751 1446 855 1489 legati
880 1450 1113 1488 quererentur,
1139 1446 1195 1489 qui
1221 1446 1398 1497 pecuniam
1424 1446 1645 1490 Proserpinae

214 1492 398 1526 sustulerat
426 1494 459 1524 et
483 1492 606 1524 liberos
632 1502 748 1525 eorum
773 1501 811 1524 ac
836 1491 996 1534 coniuges
1021 1495 1245 1534 stupraverat.
1287 1492 1320 1524 in
1353 1491 1480 1524 catenis
1504 1491 1644 1525 Romam

215 1537 397 1580 perductus
421 1537 455 1569 in
481 1546 613 1570 carcere
637 1541 688 1570 est
712 1540 874 1570 mortuus.
914 1547 988 1570 cum
1013 1536 1119 1570 falsus
1143 1547 1255 1570 rumor
1279 1536 1371 1570 deP.
1384 1536 1541 1579 Scipione
1566 1547 1642 1580 pro-

214 1582 364 1624 consule,
390 1582 446 1625 qui
470 1582 503 1614 in
518 1581 631 1615 Sicilia
656 1585 738 1623 erat,
763 1583 796 1615 in
816 1582 931 1615 urbem
950 1582 1097 1625 perlatus
1122 1585 1222 1623 esset,
1247 1585 1419 1625 tamquam
1436 1582 1482 1615 ibi
1499 1582 1645 1615 luxuria·
1707 1594 1710 1596 ·

213 1631 315 1666 retur,
341 1628 452 1661 missis
477 1628 520 1660 ob
546 1627 609 1661 hoc
634 1627 755 1671 legatis
781 1637 798 1660 a
823 1630 955 1666 senatu,
979 1628 1036 1670 qui
1058 1628 1282 1671 explorarent,
1308 1637 1348 1660 an
1367 1637 1405 1661 ea
1424 1637 1501 1660 vera
1520 1631 1644 1669 essent,

214 1677 376 1717 purgatus
400 1673 535 1706 infamia
553 1672 666 1716 Scipio
690 1673 723 1705 in
741 1672 886 1706 Africam
904 1673 1068 1716 permissu
1094 1679 1231 1706 senatus
1256 1673 1398 1706 traiecit.
1434 1672 1573 1716 Syphax
1590 1683 1644 1706 ac-

215 1724 311 1762 cepta
336 1719 369 1751 in
395 1718 642 1751 matrimonium
667 1717 734 1751 filia
749 1718 963 1751 Hasdrubalis
979 1718 1136 1761 Gisgonis
1159 1718 1336 1758 amicitiae,
1363 1728 1464 1761 quam
1485 1728 1561 1751 cum
1574 1718 1645 1752 Sci-

214 1764 313 1807 pione
339 1764 501 1805 iunxerat,
527 1764 743 1796 renuntiavit.
778 1763 953 1797 Masinissa
978 1773 1036 1796 rex
1054 1764 1301 1807 Massyliorum,
1326 1763 1404 1796 dum
1430 1773 1493 1806 pro
1508 1763 1644 1797 Cartha-

215 1809 422 1852 giniensibus
447 1809 480 1842 in
494 1808 652 1852 Hispania
666 1809 797 1847 militat,
822 1810 945 1842 amisso
966 1812 1059 1852 patre
1072 1809 1152 1842 Gala
1174 1809 1215 1843 de
1232 1819 1337 1852 regno
1359 1809 1538 1842 exciderat.
1575 1819 1642 1852 quo

214 1865 275 1897 per
298 1854 423 1887 bellum
437 1864 540 1896 saepe
554 1854 697 1897 repetito
711 1855 840 1897 aliquot
852 1854 989 1897 proeliis
1004 1864 1021 1886 a
1035 1854 1193 1897 Syphace
1205 1864 1284 1897 rege
1299 1854 1515 1888 Numidarum
1532 1854 1643 1888 victus

214 1900 247 1932 in
272 1903 380 1932 totum
407 1900 557 1942 privatus
584 1903 647 1939 est,
672 1902 705 1932 et
729 1910 804 1932 cum
829 1899 982 1932 ducentis
1009 1899 1177 1942 equitibus
1201 1900 1276 1932 exul
1301 1899 1448 1942 Scipioni
1475 1908 1511 1932 se
1535 1899 1642 1932 iunxit

215 1947 249 1978 et
274 1955 347 1977 curn
373 1954 413 1977 eo
439 1944 546 1987 primo
577 1945 691 1977 statim
722 1944 812 1977 bello
837 1944 1032 1978 Hannonem
1057 1943 1251 1977 Hamilcaris
1282 1943 1388 1977 filium
1422 1954 1497 1977 cum
1529 1944 1640 1988 ampla

213 2000 312 2023 manu
339 1989 516 2023 interemit.
553 1989 666 2032 Scipio
692 1989 839 2022 adventu
857 1989 1073 2022 Hasdrubalis
1098 1993 1132 2022 et
1152 1989 1329 2033 Syphacis,
1354 1989 1411 2032 qui
1436 1999 1541 2032 prope
1565 2000 1642 2023 cum

212 2039 346 2068 centum
371 2035 505 2068 milibus
523 2038 725 2068 armatorum
742 2038 915 2076 venerant,
940 2035 980 2067 ab
999 2035 1173 2068 obsidione
1191 2034 1305 2068 Uticae
1323 2034 1484 2078 depulsus
1502 2034 1640 2068 hiberna

213 2080 444 2114 communivit.
488 2080 705 2122 Sempronius
739 2079 857 2113 consul
890 2080 923 2112 in
949 2090 1030 2122 agro
1057 2080 1264 2113 Crotoniensi
1289 2089 1449 2123 prospere
1479 2079 1641 2114 adversus

213 2125 434 2158 Hannibalem
457 2125 633 2168 pugnavit.
670 2125 756 2158 inter
778 2135 933 2158 censores
947 2125 990 2158 M.
1006 2125 1134 2158 Livium
1152 2129 1186 2158 et
1201 2125 1375 2158 Claudium
1391 2125 1556 2158 Neronem
1582 2135 1641 2158 no-

212 2171 326 2203 tabilis
344 2170 509 2204 discordia
535 2170 614 2203 fuit:
641 2180 718 2203 nam
743 2173 776 2203 et
790 2170 950 2203 Claudius
963 2170 1056 2203 Livio
1080 2170 1230 2213 collegae
1249 2181 1372 2214 equum
1391 2170 1526 2212 ademit,
1550 2169 1640 2213 quod

214 2226 232 2248 a
258 2216 386 2259 populo
411 2215 590 2249 damnatus
617 2219 778 2259 actusque
803 2216 835 2248 in
861 2215 996 2248 exilium
1022 2215 1139 2256 suerat,
1165 2219 1198 2248 et
1221 2216 1335 2249 Livius
1361 2215 1518 2257 Claudio,
1549 2215 1641 2258 quod

213 2261 335 2294 falsum
360 2261 394 2293 in
419 2271 455 2294 se
480 2261 709 2294 testimonium
734 2261 884 2301 dixisset,
907 2265 944 2294 et
965 2260 1058 2303 quod
1084 2271 1148 2293 non
1177 2261 1263 2294 bona
1289 2260 1355 2293 fide
1380 2271 1493 2294 secum
1511 2261 1544 2293 in
1567 2270 1641 2304 gra-

213 2306 294 2338 tiam
318 2306 471 2339 redisset.
508 2305 596 2338 idem
621 2316 737 2339 omnes
763 2306 869 2339 tribus
894 2309 987 2338 extra
1012 2315 1111 2338 unam
1136 2307 1280 2339 aerarias
1304 2306 1458 2348 reliquit,
1491 2306 1580 2349 quod
1606 2309 1640 2339 et

213 2351 426 2384 innocentem
460 2360 495 2384 se
526 2350 744 2384 damnassent
774 2355 807 2384 et
831 2351 972 2394 posthac
1004 2351 1175 2384 consulem
1201 2361 1442 2394 censoremque
1470 2350 1640 2386 fecissent.

214 2396 355 2429 lustrum
381 2406 399 2428 a
424 2396 618 2429 censoribus
644 2396 814 2430 conditum
841 2399 902 2429 est.
939 2406 1039 2429 censa
1064 2399 1141 2429 sunt
1166 2396 1288 2430 civium
1314 2397 1423 2440 capita
1449 2398 1586 2434 (W
