1732 2840
92 137 118 158 a.
140 130 190 158 cn.
211 131 271 157 204.

544 119 665 153 LIBER
690 119 804 153 XXlX.
855 119 946 154 CAP.
974 122 1025 155 36.
1461 118 1510 158 85

32 239 36 253 ¹
93 234 195 273 niter
225 240 354 273 curata
383 246 465 273 res:
497 234 602 273 mille
631 234 820 274 ducentae
845 240 957 286 togae
978 233 1083 274 brevi
1106 234 1229 287 spatio
1253 241 1287 274 et
1309 234 1514 274 duodecim
1535 241 1553 274 3

31 322 34 328 .
91 289 209 330 millia
233 290 449 330 tunicarum
474 290 600 330 missa.

205 348 357 386 Aestate
387 359 450 393 ea,
481 360 555 398 qua
577 348 672 387 baec
694 347 731 386 in
765 347 891 386 Africa
913 353 1017 397 gesta
1040 354 1151 394 sunt,
1184 347 1225 386 P.
1259 346 1514 399 Sempronius
1536 354 1554 386 4

31 409 36 423 ’
93 402 252 450 consul,
275 403 336 442 cui
358 403 498 443 Bruttii
521 404 716 456 provincia
740 410 833 451 erat,
854 404 893 442 in
916 415 1008 454 agro
1031 403 1275 442 Crotoniensi
1299 416 1385 443 cum
1408 403 1514 444 Han-

27 504 33 511 ,
91 459 219 499 nibale
249 460 289 498 in
321 460 405 512 ipso
432 460 571 499 itinere
604 460 856 499 tumultuario
887 460 1036 512 proelio
1068 460 1252 499 conflixit.
1295 460 1515 511 agminibus

90 516 213 567 magis
235 528 348 568 quam
372 517 452 556 acie
475 523 690 569 pugnatum
714 522 790 564 est;
814 516 977 555 Romani
1001 516 1117 568 pulsi,
1140 522 1174 555 et
1198 517 1365 555 tumultu
1387 517 1515 557 verius
1537 524 1555 556 5

0 580 1 583 ’
26 561 31 611 ἶ
91 584 204 625 quam
237 574 369 624 pugna
397 574 441 612 ad
472 573 575 611 mille
606 581 640 611 et
663 573 818 612 ducenti
842 573 889 611 de
911 573 1081 612 exercitu
1104 573 1276 612 consulis
1298 573 1513 622 intersecti3

90 629 128 669 in
161 635 283 668 castra
315 629 463 681 trepide
494 629 684 677 reditum;
724 641 851 681 neque
882 641 1111 680 oppugnare
1146 635 1273 668 tamen
1312 642 1353 668 ea
1385 630 1515 669 hostes
1537 636 1556 668 6

91 686 188 725 ausi.
231 692 402 725 ceterum
438 685 592 724 silentio
622 686 820 737 proximae
851 686 977 725 noctis
1008 686 1205 737 profectus
1241 686 1331 724 inde
1364 686 1515 734 consul,

90 742 304 795 praemisso
329 742 465 780 nuntio
488 742 533 781 ad
556 741 597 780 P.
620 742 813 781 Licinium
837 742 1136 794 proconsulem,
1167 748 1210 781 ut
1233 754 1320 781 suas
1342 742 1517 793 legiones

90 798 332 845 admoveret,
365 798 497 850 copias
528 798 744 838 coniunxit.
786 799 835 838 ita
867 799 943 837 duo
966 799 1106 844 duces,
1139 798 1215 837 duo
1247 799 1437 837 exercitus
1469 799 1516 838 ad

88 854 347 894 Hannibalem
380 855 508 893 redtei
512 861 601 902 unt
633 868 705 894 nec
729 867 836 894 mora
864 855 1071 894 dimicandi
1094 855 1212 901 sacta,
1244 866 1333 894 eum
1365 854 1515 894 consuli
1535 862 1554 893 7

89 912 153 961 [et]
171 911 388 963 duplicatae
403 911 516 959 iires,
539 911 671 950 Poeno
688 924 826 951 recens
840 911 998 950 xictoria
1016 911 1166 950 animos
1187 911 1341 950 faceret.
1374 911 1412 949 in
1435 924 1482 963 pi
1486 917 1556 950 1-

87 979 189 1006 mam
208 967 328 1007 aciem
348 979 436 1006 suas
453 967 628 1018 legiones
646 967 902 1031 Sempronius
920 967 1082 1012 induxit,
1105 967 1143 1006 in
1166 967 1348 1006 subsidiis
1368 966 1518 1007 locatae

87 1023 130 1063 P.
149 1024 275 1063 Licini
300 1023 487 1075 legiones.
525 1023 661 1063 consul
687 1024 882 1076 principio
900 1035 1055 1075 pugnae
1072 1023 1203 1062 aedem
1221 1023 1416 1062 Fortunae
1432 1023 1518 1062 Pri-

18 1080 280 1132 ''migeniae
296 1081 410 1127 vovit,
433 1080 463 1119 si
481 1092 525 1118 eo
544 1080 605 1119 die
622 1080 746 1119 hostis
766 1080 947 1127 fudisset3
973 1091 1212 1132 composque
1231 1079 1313 1118 eius
1333 1079 1409 1118 voti
1432 1079 1516 1118 suit.

89 1136 165 1176 susi
187 1149 231 1176 ac
253 1137 371 1187 fugati
394 1136 536 1183 Poeni,
559 1149 675 1188 supra
696 1149 811 1175 mum
835 1141 1071 1175 armatorum
1095 1148 1224 1183 caesa,
1248 1136 1364 1188 paulo
1386 1135 1518 1175 minus
1538 1141 1557 1173 9

91 1205 156 1231 ccc
177 1193 250 1232 vivi
273 1193 373 1245 capti
397 1198 433 1231 et
455 1192 543 1244 equi
566 1205 663 1232 xxxx
686 1199 719 1232 et
744 1192 926 1231 undecim
949 1191 1130 1231 militaria
1154 1192 1274 1243 signa.
1312 1192 1517 1244 perculsus

88 1250 247 1289 adverso
277 1248 425 1301 proelio
457 1248 651 1288 Hannibal
681 1249 891 1289 Crotonem
923 1249 1132 1287 exercitum
1162 1248 1326 1287 reduxit.
1379 1249 1515 1287 eodem
1540 1254 1575 1286 10

88 1313 263 1358 tempore
284 1305 333 1346 M.
357 1305 564 1344 Cornelius
596 1305 733 1344 consul
768 1306 807 1345 in
830 1305 949 1344 altera
972 1310 1081 1356 parte
1102 1304 1232 1344 ltaliae
1255 1317 1334 1343 non
1356 1310 1433 1343 tam
1455 1317 1516 1344 ar-

87 1362 161 1401 mis
182 1373 296 1414 quam
319 1361 552 1400 iudiciorum
575 1367 722 1401 terrore
743 1361 938 1401 Etruriam
961 1361 1156 1408 continet,
1186 1367 1305 1400 totam
1328 1361 1448 1400 ferme
1469 1361 1516 1400 ad

88 1418 293 1469 Magonem
322 1430 367 1457 ac
398 1430 467 1470 per
500 1430 586 1457 eum
619 1418 664 1457 ad
698 1431 804 1470 spem
839 1417 1004 1457 novandi
1027 1430 1088 1456 res
1108 1429 1269 1456 versam.
1313 1429 1376 1456 eas
1398 1429 1515 1469 quae·
1540 1422 1572 1455 11

88 1475 236 1514 stiones
268 1487 312 1513 ex
343 1481 500 1513 senatus
532 1475 710 1513 consulto
732 1475 893 1513 minime
915 1473 1117 1513 ambitiose
1139 1473 1295 1525 habuit3
1326 1473 1517 1525 multique

89 1531 240 1570 nobiles
261 1530 435 1577 Etrusci,
459 1530 525 1582 qui
556 1537 619 1569 aut
641 1530 715 1582 ipsi
738 1531 861 1570 ierant
883 1537 947 1570 aut
968 1530 1153 1570 miserant
1177 1531 1221 1569 ad
1244 1530 1449 1581 Magonem
1471 1530 1518 1569 de

838 1644 892 1673 ten
920 1639 1147 1673 bezeichnete.
1174 1659 1217 1664 —
1244 1641 1292 1672 ad
1309 1660 1335 1664 —
1364 1641 1517 1683 ducenti,

838 1696 863 1718 s.
898 1687 950 1726 27,
989 1687 1040 1727 12,
1076 1687 1113 1719 16
1140 1696 1171 1718 u.
1199 1695 1227 1718 a.
1252 1704 1296 1709 —-
1331 1687 1450 1727 copias
1484 1696 1516 1719 n.

838 1733 1024 1772 utriusque
1039 1732 1228 1771 exercilus,
1254 1730 1334 1763 oder
1353 1732 1472 1772 copias
1486 1741 1518 1763 n.

89 1651 148 1675 aus
182 1641 282 1674 deren
316 1639 447 1673 Mittetn
486 1639 570 1674 und:
609 1651 675 1674 von
714 1641 767 1681 da,

86 1687 157 1730 vgl.
185 1688 238 1727 23,
264 1687 317 1727 32,
335 1687 366 1719 9.
384 1705 418 1709 -
440 1689 553 1728 togae,
580 1696 606 1719 s.
633 1697 660 1719 c.
688 1688 718 1727 3,
736 1689 766 1720 5.

87 1731 148 1765 Die
173 1731 298 1764 Tunica
334 1730 450 1763 wurde
481 1731 566 1763 auch
597 1731 641 1762 im
667 1730 768 1764 Felde

88 1787 153 1809 von
186 1776 248 1809 den
275 1775 433 1809 Soldaten
470 1775 680 1819 uberhaupt,
715 1775 768 1808 die

87 1820 181 1865 Toga
209 1832 269 1854 nur
299 1831 364 1854 von
391 1819 566 1854 Officieren
604 1820 669 1853 und
696 1820 767 1853 Rit-

88 1870 172 1907 tern,
197 1876 223 1900 s.
250 1876 291 1899 zu
317 1867 371 1907 22,
397 1868 449 1907 54,
477 1867 494 1898 2
522 1868 694 1909 getragen.

131 1921 195 1967 36,
219 1923 341 1956 4-12,
367 1921 557 1964 Ereignisse
577 1922 609 1954 in
629 1922 765 1961 ltalien;

88 1967 151 2001 Dio
178 1969 269 2001 Cass.
295 1967 332 2000 fr.
358 1969 412 2008 57,
438 1969 491 2000 70.

133 2014 233 2046 4—9.
259 2011 451 2055 Sempron„
478 2022 505 2045 c.
536 2014 586 2046 13.
615 2031 658 2035 —-
686 2011 767 2044 Cro-

90 2061 170 2098 ton„
195 2068 224 2091 c.
253 2059 363 2090 10.—
380 2058 417 2088 in
443 2059 466 2089 i.
492 2059 527 2098 22,
552 2057 768 2090 unmittelbar

89 2102 147 2135 aul
178 2101 252 2134 dem
279 2101 447 2141 Marscbe,
480 2101 567 2134 ohne
594 2102 768 2135 Vorberei-

89 2150 185 2190 tung,
211 2150 306 2180 sonst
331 2157 375 2178 ex
400 2148 536 2180 z‘te‘nere.
552 2165 595 2170 -—
616 2147 766 2188 tumult„

89 2202 115 2226 s.
144 2194 197 2233 21,
222 2194 254 2231 8,
280 2193 310 2232 7,
342 2191 387 2224 im
417 2191 530 2234 Folg.:
565 2193 768 2233 agminibus

89 2241 164 2278 etc.,
190 2247 217 2270 s.
242 2238 297 2277 25,
322 2238 376 2276 34,
402 2238 432 2276 9,
463 2236 699 2276 beschrieben;
725 2247 761 2270 es

87 2281 262 2325 kampsten
296 2280 389 2313 nicht
413 2280 466 2314 die
492 2281 561 2315 drei
596 2282 684 2315 acies
710 2281 769 2315 der

0 2327 25 2376 '¹3
87 2326 230 2367 hastati,
255 2326 439 2369 principes,
475 2326 596 2368 triarii,
622 2326 766 2360 sondern

89 2371 142 2405 die
168 2372 340 2405 einzelnen
366 2370 512 2414 Manipel
546 2371 612 2404 und
643 2371 768 2404 Cohor-

87 2419 144 2450 ten
170 2417 235 2450 wie
262 2416 309 2450 sie
334 2414 766 2458 anrfickten.—tumulcu,

90 2462 143 2495 ein
197 2461 316 2494 wildes
371 2459 768 2503 Durcheinanderlaufen,

88 2505 300 2548 wiederholt‚
324 2515 380 2538 um
406 2505 470 2539 den
485 2504 619 2538 Verlust
643 2516 684 2539 zu
698 2517 767 2539 mo·

89 2551 250 2592 tivieren‚
275 2551 334 2584 das
359 2550 482 2584 bereits
506 2560 573 2584 von
598 2549 668 2584 drei
694 2551 763 2585 Sei-

839 1787 896 1807 eas
923 1786 1000 1807 cum
1025 1778 1110 1815 suis,
1135 1775 1272 1818 vgl.28‚
1291 1777 1396 1817 36,2;
1423 1776 1517 1809 Caes.

838 1820 876 1854 B.
901 1821 934 1853 C.
961 1822 992 1862 3,
1020 1822 1074 1861 34,
1102 1820 1367 1854 1.—F01=cuna
1394 1820 1462 1861 ΡΛ,
1489 1831 1516 1853 s.

837 1868 892 1906 34,
924 1867 978 1906 53,
1013 1868 1043 1905 5,
1084 1866 1150 1898 Cic.
1183 1865 1288 1908 Legg.
1322 1867 1352 1904 2,
1389 1867 1440 1906 11,
1474 1867 1516 1899 28

837 1911 1000 1943 Fortuna
1013 1930 1038 1933 —
1055 1911 1273 1953 Primigenia
1289 1921 1308 1942 α
1321 1910 1516 1953 gignendo,

837 1955 967 1989 Preller
991 1958 1066 1990 563.
1085 1975 1120 1979 —
1146 1957 1229 1996 voti,
1256 1955 1325 1995 das,
1352 1955 1459 1988 wostir
1484 1965 1519 1988 er

838 2001 952 2044 gelobt
977 2000 1088 2042 batte,
1119 2004 1215 2034 sonst
1240 2003 1312 2032 voti
1337 2000 1513 2032 damnari.

838 2064 878 2069 —
895 2046 1051 2087 reduxit,
1076 2044 1356 2079 wahrscheinlich
1375 2044 1466 2078 hatte
1484 2055 1518 2078 er

838 2090 924 2131 dort,
950 2091 1015 2123 wie
1040 2091 1084 2122 im
1098 2090 1180 2123 Jahr
1196 2090 1328 2131 vorher,
1354 2099 1379 2123 s.
1395 2091 1448 2131 28,
1463 2092 1518 2131 46,

841 2139 892 2178 16,
920 2136 988 2169 sein
1019 2135 1220 2178 Standlager
1245 2134 1379 2177 gehabt.

885 2192 1030 2225 10⁴—12.
1056 2191 1234 2231 iudicior„
1269 2201 1294 2224 s.
1326 2192 1378 2232 28,
1408 2192 1459 2232 10,
1483 2194 1518 2225 4.

836 2254 881 2261 —
911 2247 976 2279 per
1009 2247 1104 2278 eum,
1135 2235 1238 2269 durch
1272 2235 1363 2269 seine
1397 2235 1517 2269 Unter-

839 2283 1008 2324 stiitzung.
1041 2300 1085 2305 —
1116 2283 1259 2313 minime
1296 2281 1406 2322 amb.,
1449 2280 1516 2314 und

838 2336 928 2359 zwar
953 2326 1037 2359 hielt
1062 2336 1096 2359 er
1120 2326 1186 2364 sie;
1212 2336 1251 2358 zu
1280 2336 1324 2357 ex
1337 2336 1407 2358 sen.
1423 2336 1517 2360 cons,

839 2371 958 2415 gehort
984 2371 1075 2404 diese
1094 2370 1326 2413 Bestimmung
1352 2370 1515 2404 natiirlich

838 2416 941 2449 nieht.
962 2434 1002 2440 —
1023 2417 1223 2448 ambitiose:
1248 2415 1335 2448 ohne
1360 2415 1516 2449 Ansehen

838 2461 896 2493 der
920 2461 1066 2502 Person,
1099 2461 1185 2494 ohne
1216 2460 1268 2493 die
1293 2459 1516 2495 Aristokratie

838 2516 880 2538 zu
905 2505 1064 2544 schonen,
1090 2516 1116 2539 s.
1135 2516 1163 2539 c.
1180 2507 1281 2546 16,5;
1307 2505 1374 2548 vgl.
1394 2507 1448 2549 38,
1463 2507 1517 2548 32,

838 2553 876 2584 4:
903 2553 988 2583 satis
1014 2552 1194 2583 ambiciose
1217 2554 1356 2594 partem
1380 2550 1517 2584 uti-am-
