1732 2840
201 93 253 133 20
683 96 805 129 LIBER
831 96 946 130 XXlX.
995 97 1087 130 CAP.
1115 99 1145 131 9.

1477 116 1502 135 a.
1523 110 1630 137 u..549.

200 217 384 262 argenteo
418 223 463 249 ex
494 210 679 262 oppidani
711 210 826 249 domo
849 210 1013 249 Plemini
1043 211 1152 250 miles
1186 211 1340 262 fugiens
1363 212 1630 264 sequentibus,

192 279 368 320 -quorum
400 273 501 314 erat,
538 266 673 306 obvius
704 266 803 305 forte
835 267 970 318 Sergio
1002 273 1039 306 et
1068 268 1237 307 Matieno
1270 268 1437 307 tribunis
1463 269 1631 308 militum

161 334 180 366 3
201 324 292 371 suit3
323 324 385 362 cui
417 335 505 362 cum
540 323 647 362 iussu
675 323 921 362 tribunorum
944 324 1166 376 ademptum
1179 325 1375 381 poculum
1400 331 1520 372 esset,
1550 326 1631 365 iur-

201 381 307 431 gium
337 379 428 418 inde
457 385 495 418 et
526 380 694 428 clamor,
725 392 857 432 pugna
887 386 1083 432 postremo
1116 387 1199 420 orta
1223 382 1323 420 inter
1344 381 1509 421 Plemini
1530 382 1630 422 mili·
1689 390 1691 437 j
1731 405 1732 414 1

202 443 259 475 tes
277 436 619 487 tribunorumque,
643 443 684 475 ut
702 437 783 475 suis
805 436 971 488 quisque
993 444 1240 489 opportunus
1257 438 1478 485 advenerat,
1500 438 1631 478 multi·
1689 458 1693 491 2

161 503 179 534 4
201 492 335 532 tudine
366 493 482 532 simul
503 506 546 532 ac
568 492 736 532 tumultu
759 499 972 532 crescente.
1014 494 1102 533 victi
1124 494 1288 533 Plemini
1309 494 1451 534 milites
1474 507 1563 534 cum
1584 496 1631 535 ad
1687 498 1693 549 f

202 549 449 597 Pleminium,
467 561 646 588 cruorem
661 562 705 589 ac
721 550 881 588 vulnera
897 555 1138 589 ostentantes
1155 563 1234 589 non
1253 551 1338 590 sine
1353 551 1631 591 vociferatione
1687 549 1693 592 ἶ
1730 573 1732 598 ;

200 612 314 658 atque
348 606 618 657 indignatione
650 606 943 645 concurrissent
972 607 1115 659 probra
1146 608 1185 646 in
1217 620 1303 646 eum
1336 608 1465 660 ipsum
1495 608 1630 648 iactata
1688 631 1694 654 ς,
1730 616 1732 626 ‘

200 663 239 701 in
274 662 410 713 iurgiis
430 663 665 711 referentes,
697 675 886 702 accensus
906 663 961 702 ira
984 664 1099 702 domo
1122 676 1207 703 sese
1228 664 1436 716 proripuit,
1457 670 1632 705 vocatos·
1692 684 1695 699 2

161 730 180 761 5
202 731 278 770 que
311 719 489 758 tribunos
512 720 650 758 nudari
673 732 717 758 ac
738 720 864 770 virgas
886 720 1057 771 expediri
1079 720 1197 759 iubet.
1240 721 1330 759 dum
1353 721 1566 772 spoliandis
1586 722 1633 761 iis
1692 722 1695 733 ''

199 798 255 803 —
277 775 550 827 repugnabant
580 777 683 814 enim
714 776 960 828 militumque
982 777 1095 815 fidem
1118 777 1382 828 implorabant
1402 798 1457 805 —-
1478 784 1634 830 tempus
1691 799 1697 831 ς

200 832 349 881 teritur,
377 839 541 884 repente
563 832 704 872 milites
727 834 878 872 feroces
898 833 1047 872 recenti
1067 833 1226 872 victoria
1251 846 1296 872 ex
1318 834 1501 873 omnibus
1523 834 1632 883 locis,
1695 841 1697 881 ζ

198 888 302 927 velut
322 889 505 928 adversus
525 889 648 928 hostis
669 890 715 928 ad
736 902 841 928 arma
864 889 1151 928 conclamatum
1177 896 1300 938 esset,
1333 896 1631 940 concurrerunt,

160 955 178 987 6
199 950 237 983 et
257 957 343 983 cum
366 945 504 984 violata
526 946 601 984 iam
621 946 738 997 virgis
760 958 925 998 corpora
948 946 1195 985 tribunorum
1217 946 1414 995 vidissent,
1436 952 1518 986 tum
1540 960 1630 987 vero

199 1001 239 1040 in
261 1001 384 1040 multo
406 1002 711 1053 inpotentiorem
734 1002 862 1041 subito
884 1002 1031 1041 rabiem
1052 1002 1220 1049 accensi,
1242 1003 1327 1042 sine
1348 1009 1528 1055 respectu
1553 1017 1632 1043 non
1688 1019 1690 1022 ’

198 1058 407 1097 maiestatis
428 1059 545 1097 modo
577 1059 643 1097 sed
675 1059 787 1098 etiam
811 1059 1062 1098 humanitatis
1091 1059 1131 1098 in
1155 1059 1324 1110 legatum
1352 1060 1541 1111 impetum
1562 1061 1632 1100 lic-

160 1125 177 1155 7
198 1114 349 1153 toribus
374 1115 484 1166 prius
514 1115 719 1166 indignum
741 1116 781 1154 in
803 1116 961 1154 modum
984 1115 1161 1154 mulcatis
1189 1116 1355 1164 faciunt;
1389 1122 1469 1155 tum
1504 1117 1634 1169 ipsum

199 1170 246 1209 ab
263 1171 343 1209 suis
364 1171 626 1223 interceptum
649 1178 686 1210 et
707 1172 902 1210 seclusum
924 1171 1116 1210 hostiliter
1136 1172 1328 1220 lacerant,
1364 1178 1401 1211 et
1422 1185 1547 1225 prope
1568 1186 1633 1213 ex-

160 1236 178 1269 8
199 1238 387 1278 sanguem
416 1240 510 1266 naso
541 1227 777 1279 auribusque
816 1227 1001 1267 mutilatis
1037 1227 1277 1280 relinquunt.
1325 1229 1384 1268 his
1416 1229 1633 1269 Messanam

199 1283 388 1323 nuntiatis
417 1283 549 1336 Scipio
581 1290 669 1335 post
698 1296 844 1336 paucos
872 1284 954 1324 dies
985 1284 1131 1324 Locros
1161 1286 1302 1324 hexere
1333 1285 1514 1325 advectus
1544 1299 1633 1326 cum

201 1364 288 1393 erat.
315 1379 359 1385 —
384 1360 466 1392 inde
491 1360 690 1393 bezeichnet
720 1360 883 1394 zun’achst

199 1408 358 1447 iurgium
385 1409 449 1439 etc.
475 1405 523 1438 als
539 1405 641 1447 Folge
667 1405 725 1438 der
740 1406 883 1438 Vorher-

201 1450 287 1493 geh.,
308 1451 395 1482 kann
415 1451 495 1483 aber
508 1450 660 1492 zugleich
676 1451 881 1494 Andeutung

201 1495 260 1529 des
285 1495 491 1529 Nachsatzes
517 1496 601 1536 sein,
627 1496 695 1539 vgl.
722 1498 752 1536 5,
771 1498 825 1538 20,
842 1500 879 1530 7;

200 1551 397 1582 causasque
423 1543 611 1572 criminum
628 1560 655 1564 —
669 1541 881 1573 seditionum

201 1586 305 1626 inde5
336 1588 368 1627 4,
400 1588 455 1627 47,
481 1587 518 1618 2;
558 1596 635 1618 cum
674 1586 828 1618 dictator
853 1605 879 1610 -

202 1632 386 1671 tur-basset,
413 1631 591 1673 legionum
610 1631 691 1663 inde
706 1634 812 1673 signa
831 1634 883 1664 in-

201 1675 331 1715 ferri—
343 1678 455 1717 iussit,
470 1676 604 1719 vg1.27,
615 1678 720 1716 42,13
737 1677 882 1717 deinde,-

203 1722 230 1754 οἱ
257 1723 287 1762 7,
313 1723 343 1755 6.
368 1740 412 1744 ——
437 1725 476 1753 ul
495 1741 521 1744 —
547 1718 722 1753 crescente
748 1721 884 1763 erklart‚

201 1766 267 1798 wie
305 1765 359 1798 ein
396 1765 590 1799 formliches
627 1766 759 1799 Treffen
797 1767 882 1800 habe

202 1810 378 1844 entstehen
405 1811 551 1844 konnen.
591 1816 630 1843 ut
651 1831 678 1835 —
705 1812 827 1844 adven.
853 1823 878 1845 s.

203 1857 257 1896 21,
275 1858 330 1896 47,
350 1858 383 1895 3;
412 1858 466 1896 39,
486 1858 607 1897 31,12,
633 1857 676 1889 ist
701 1856 782 1889 kurz
807 1867 882 1890 aus-

203 1899 383 1943 gedrtickt,
414 1900 525 1933 indem
551 1900 609 1933 der
636 1901 773 1943 Begriff:
809 1902 880 1934 sich

202 1945 375 1978 anschloss
401 1945 504 1978 durch
530 1948 602 1977 suis
628 1957 682 1987 op.
710 1947 788 1979 adv.
821 1956 882 1979 nur

201 1990 405 2033 angedeutet
419 1990 501 2024 wird
521 2001 553 2024 u.
569 1991 617 2023 als
633 1991 734 2034 Folge
748 1991 801 2023 bei
820 1992 880 2023 ad-

203 2040 348 2067 venerat
361 2035 506 2078 gedacht
520 2035 656 2068 werden
670 2046 774 2070 muss.
797 2038 880 2077 suis,

202 2080 260 2113 der
284 2080 382 2113 Dativ
411 2081 456 2114 ist
488 2091 556 2113 von
589 2085 727 2123 opport.
755 2081 878 2115 adven.

202 2125 382 2169 abhaingig,
407 2126 476 2169 vgl.
504 2129 624 2158 venire
653 2128 681 2167 1,
707 2129 737 2168 7,
760 2129 786 2167 1,
813 2126 881 2160 und

203 2173 349 2202 accessit
373 2173 404 2211 3,
431 2173 486 2212 29,
510 2174 527 2203 7
555 2181 588 2203 u.
615 2181 643 2203 a.

247 2217 346 2249 4-5.
362 2215 518 2257 υοοι’[“εν.,
533 2219 630 2249 unter
640 2216 811 2254 Geschrei;
829 2219 880 2249 in-

204 2260 342 2302 dignat.
367 2260 441 2303 siigt
454 2260 517 2294 den
533 2261 645 2294 Grund
660 2261 770 2294 hinzu.
809 2272 880 2294 non

202 2324 231 2329 -
246 2308 456 2338 concurriss.
484 2306 529 2339 ist
553 2306 722 2339 zwischen
745 2306 799 2339 die
813 2306 880 2340 bei-

203 2350 267 2383 den
293 2350 554 2395 asyndetischen
569 2351 760 2394 Partieipia,
785 2361 811 2384 s.
826 2353 880 2392 21,

204 2396 256 2434 28,
288 2399 319 2436 5,
357 2398 529 2438 getreten,
566 2406 620 2429 um
659 2396 881 2438 anzudeuten,

203 2439 279 2472 dass
314 2440 373 2474 das
398 2441 494 2484 Folg.
519 2452 685 2473 aecensus
711 2445 772 2476 etc.
809 2442 879 2475 sich

204 2484 366 2518 zunachst
391 2496 432 2518 an
456 2487 647 2526 relerentes
663 2486 879 2520 anschliesse.

202 2548 247 2554 —
271 2532 391 2572 virgas
424 2540 484 2564 aus
514 2531 578 2564 den
604 2531 727 2572 fasces,
758 2531 811 2565 die
845 2542 880 2564 er

954 1361 1018 1394 wie
1045 1360 1130 1393 auch
1148 1361 1314 1402 Lictoren,
1339 1372 1364 1394 s.
1379 1363 1398 1403 ξ
1414 1364 1444 1403 6,
1471 1362 1518 1395 als
1533 1362 1633 1396 Stell-

953 1408 1116 1439 vertreter
1133 1406 1192 1439 des
1207 1406 1385 1440 Feldherrn
1413 1407 1514 1447 ffihrt,
1539 1418 1564 1441 s.
1584 1411 1634 1450 10,

952 1453 1007 1491 29,
1032 1454 1066 1489 3;
1100 1451 1286 1484 Mommsen
1319 1452 1385 1486 Str.
1424 1454 1451 1493 1,
1485 1455 1562 1496 371,
1601 1456 1632 1492 1;

953 1499 1029 1535 658,
1056 1499 1092 1533 4;
1120 1496 1225 1539 Marq.
1243 1500 1272 1538 1,
1287 1499 1363 1530 387.
1385 1517 1427 1521 -
1445 1499 1634 1540 εροίἰαηά.,
1691 1514 1694 1519 ⁴

952 1552 978 1574 s.
1005 1543 1058 1584 28,
1086 1543 1139 1582 29,
1168 1544 1218 1575 11.
1243 1562 1287 1566 —
1317 1542 1423 1582 fidem
1453 1543 1497 1576 ist
1529 1543 1562 1577 in
1598 1544 1633 1577 P.

952 1587 1171 1629 ausgefallen,
1188 1597 1213 1620 s.
1231 1589 1261 1629 2,
1276 1590 1329 1628 55,
1345 1590 1384 1621 6:
1412 1598 1449 1620 eo
1469 1588 1633 1628 infestius

955 1632 1252 1664 circumscindere
1278 1637 1311 1664 et
1334 1633 1491 1675 spoliare
1516 1634 1631 1668 lictor.

955 1681 1027 1709 tum
1054 1677 1183 1709 Volero
1203 1697 1228 1700 —
1247 1679 1388 1719 repulso
1415 1679 1538 1711 lictore
1564 1679 1634 1711 ela-

953 1725 1082 1754 mv'tans
1117 1733 1292 1765 „provoco
1325 1727 1358 1755 et
1387 1723 1491 1763 fidem
1523 1724 1633 1766 plebis
1692 1731 1698 1762 s

954 1768 1140 1809 imploro“.
1170 1787 1210 1791 -—
1236 1768 1318 1800 dum
1346 1788 1370 1791 —
1397 1773 1551 1811 repente,
1579 1771 1633 1812 23,
1690 1788 1695 1794 ·

957 1814 1076 1851 16,12,
1102 1813 1167 1845 wie
1193 1815 1224 1853 2,
1249 1815 1303 1856 49,
1334 1815 1390 1846 11:
1418 1814 1500 1846 dum
1525 1834 1550 1838 —
1575 1825 1633 1847 su·
1689 1855 1693 1861 ,Ἴ

954 1859 1036 1889 bito.
1065 1877 1108 1882 —
1134 1858 1230 1890 velat
1252 1875 1297 1886 =
1322 1858 1418 1890 velut
1439 1861 1481 1891 si.

997 1905 1096 1935 6-7.
1122 1905 1159 1934 in
1185 1904 1318 1934 rabiem
1346 1913 1429 1944 acc„
1455 1914 1484 1936 s.
1508 1906 1561 1944 44,
1578 1906 1632 1946 36,

951 1950 988 1980 4:
1016 1949 1053 1978 in
1076 1957 1236 1989 pugnam
1263 1948 1493 1989 acee7zdebat;
1519 1951 1551 1988 3,
1577 1952 1630 1990 51,

953 1994 989 2024 7:
1026 1992 1073 2023 ad
1097 1992 1277 2025 libidinem
1310 1993 1543 2036 accenderat,
1575 2004 1633 2037 ge-

951 2036 1160 2070 wohnlicher
1184 2037 1225 2070 ist
1253 2039 1351 2070 rabie
1377 2039 1534 2080 accendi,
1559 2039 1631 2082 vgl.
1690 2036 1692 2038 ’

951 2092 979 2115 c.
1006 2084 1035 2121 8,
1055 2083 1103 2115 11.
1134 2102 1171 2105 —
1199 2085 1405 2124 maiestatis,
1431 2083 1522 2117 diese
1547 2084 1632 2117 wird
1695 2091 1698 2094 ’

953 2130 1047 2160 sonst
1061 2126 1123 2159 den
1140 2127 1303 2160 hochsten
1319 2127 1536 2171 Magistraten
1564 2129 1631 2162 bei-

951 2172 1081 2215 gelegt,
1117 2182 1142 2205 s.
1178 2174 1233 2213 28,
1258 2175 1312 2214 27,
1341 2175 1397 2212 12;
1432 2176 1462 2216 8,
1498 2176 1551 2215 30,
1581 2176 1630 2213 11,
1690 2198 1695 2213 1

951 2217 1020 2249 hier
1033 2217 1107 2250 dem
1123 2221 1332 2260 propraetor,
1357 2218 1397 2250 da
1423 2219 1509 2251 auch
1523 2219 1632 2253 dieser

950 2262 1004 2295 ein
1029 2262 1204 2305 imperium
1231 2263 1304 2304 hat,
1337 2263 1406 2306 vgl.
1440 2265 1493 2304 26,
1519 2266 1572 2305 31,
1602 2266 1628 2307 1,

950 2317 1005 2339 um
1031 2307 1084 2340 die
1110 2307 1232 2341 Grosse
1258 2307 1317 2341 des
1336 2307 1564 2342 Verbrechens
1589 2319 1630 2342 zu

952 2352 1110 2395 steigern,
1136 2353 1206 2395 vgl.
1234 2355 1286 2395 28,
1313 2355 1366 2393 27,
1397 2356 1448 2387 14.

998 2399 1028 2430 8.
1055 2399 1182 2429 heoeere
1196 2394 1332 2443 (ἑξήρης
1353 2409 1384 2431 n.
1398 2398 1508 2441 ναῦς),
1534 2409 1559 2432 s.
1575 2401 1629 2441 37,

951 2443 1005 2485 23,
1032 2445 1062 2483 5,
1087 2443 1139 2475 ein
1166 2442 1276 2476 Schiss·
1294 2444 1355 2476 mit
1380 2443 1478 2477 sechs
1503 2443 1629 2476 Ruder-

950 2487 1076 2525 reihen,
1101 2487 1272 2520 vielleicht
1289 2488 1342 2521 ein
1357 2487 1559 2529 Sicilisches‚
1585 2488 1628 2522 da

950 2531 1003 2564 die
1030 2532 1149 2566 Romer
1182 2533 1275 2566 nicht
1307 2533 1409 2566 leicht
1442 2543 1479 2567 so
1511 2543 1627 2577 grosse
