1732 2840
234 95 315 134 206

697 95 821 129 LIBER
844 95 989 130 XXVIII.
1038 95 1131 130 CAP.
1158 96 1212 129 32.

236 224 350 265 quam
369 211 474 263 quod
490 211 618 250 omnis
636 211 737 250 cives
754 215 820 249 aut
836 211 964 249 socios
980 210 1187 262 Latinique
1205 209 1376 249 nominis
1393 209 1529 257 videat,
1547 209 1661 249 etiam

236 282 280 309 eo
303 268 469 316 moveri,
504 268 607 319 quod
631 279 745 306 nemo
776 268 857 306 fere
879 267 926 306 sit
949 266 1081 315 miles,
1114 267 1181 318 qui
1208 279 1286 305 non
1312 267 1372 316 [ex
1392 265 1512 315 Italia]
1545 272 1611 305 aut
1641 278 1662 305 a

236 332 375 378 patruo
408 336 479 363 suo
503 324 570 363 Cn.
595 323 804 376 Scipione,
838 324 905 375 qui
935 324 1086 375 primus
1108 323 1275 363 Romani
1307 322 1478 362 nominis
1508 323 1548 362 in
1581 334 1664 362 eam

236 381 477 434 provinciam
499 380 670 429 venerit,
701 386 767 419 aut
787 392 807 419 a
829 386 937 431 patre
960 380 1122 420 consule
1143 386 1208 420 aut
1229 392 1249 418 3
1271 392 1312 418 se
1333 379 1382 418 sit
1404 392 1449 418 ex
1470 377 1579 418 Italia
1599 379 1666 417 ad-

196 448 213 479 7
236 445 390 478 vectus:
414 437 647 489 Scipionum
665 436 828 485 nomini,
851 436 1037 488 auspiciis
1055 436 1182 476 omnis
1197 436 1393 483 adsuetos,
1415 447 1515 487 quos
1532 447 1666 475 secum

238 495 277 534 in
301 494 462 546 patriam
486 494 532 534 ad
550 494 731 533 meritum
756 493 1000 545 triumphum
1022 493 1215 533 deducere
1238 492 1340 540 velit,
1364 504 1464 543 quos
1481 491 1667 531 consula·
1699 517 1701 520 v

238 558 320 591 tum
343 551 504 603 petenti,
526 550 632 590 velut
653 551 685 590 si
708 550 884 589 omnium
904 551 1123 590 communis
1140 555 1276 602 agatur
1296 549 1436 597 honos,
1460 548 1663 588 adfuturos

197 615 216 648 8
238 613 380 660 speret.
423 607 528 659 quod
550 607 594 646 ad
618 606 906 659 expeditionem
928 607 1101 656 attineat,
1124 619 1222 659 quae
1244 606 1376 653 instet,
1399 605 1667 644 immemorem

239 677 324 705 esse
344 676 477 704 rerum
495 676 653 703 suarum
672 669 882 715 gestarum,
905 664 972 715 qui
994 663 1030 702 id
1052 663 1196 703 bellum
1220 663 1346 702 ducat.
1379 662 1555 712 Magonis
1576 662 1668 701 her-

239 722 325 762 cule
347 721 443 770 sibi,
475 720 541 773 qui
563 726 669 760 extra
692 720 826 759 orbem
847 725 1040 759 terrarum
1063 720 1102 759 in
1126 719 1403 759 circumfusam
1426 718 1583 758 Oceano
1606 718 1687 757 in-'

237 778 361 818 sulam
380 790 469 817 cum
490 778 626 829 paucis
642 777 860 829 perfugerit
876 776 1051 826 navibus,
1074 777 1262 816 maiorem
1280 788 1411 815 curam
1430 787 1527 823 esse,
1551 787 1667 826 quam

198 843 217 875 9
238 835 468 885 Ilergetum:
502 834 650 886 quippe
680 834 760 873 illic
782 839 819 873 et
852 834 989 873 ducem
1014 833 1373 884 Carthaginiensem
1397 838 1434 872 et
1456 837 1667 884 quantum·
1700 849 1704 852 «

239 903 408 942 cumque
424 890 618 930 Punicum
640 890 877 943 praesidium
900 903 998 939 esse,
1020 890 1085 929 hic
1105 890 1277 930 latrones
1298 890 1573 940 latronumque
1597 888 1668 927 du-

240 961 303 987 ces
326 961 431 997 esse,
463 948 605 998 quihus
634 953 678 987 ut
708 947 753 986 ad
785 947 1034 999 populandos
1064 946 1321 987 finitimorum
1343 958 1457 997 agros
1488 950 1668 997 tectaque

240 1005 389 1044 urenda
407 1009 444 1043 et
465 1004 651 1055 rapienda
673 1016 816 1056 pecora
835 1004 963 1055 aliqua
983 1004 1039 1042 vis
1059 1004 1120 1052 sit,
1143 1004 1194 1042 ita
1216 1003 1256 1042 in
1274 1002 1356 1042 acie
1372 1014 1416 1042 ac
1432 1001 1554 1052 signis
1571 1013 1667 1041 con·

239 1061 325 1101 latis
348 1061 492 1100 nullam
516 1073 623 1109 esse3
656 1061 780 1111 magis
800 1061 1003 1100 velocitate
1025 1060 1070 1099 ad
1101 1060 1230 1111 fugam
1263 1071 1379 1110 quam
1400 1059 1516 1098 armis
1549 1059 1670 1097 fretos

186 1125 224 1158 10
243 1124 490 1169 pugnaturos
512 1130 609 1156 esse.
642 1117 772 1168 itaque
794 1130 888 1166 non,
912 1117 1015 1168 quod
1039 1116 1162 1156 ullum
1180 1116 1270 1155 inde
1286 1115 1507 1167 periculum
1524 1120 1590 1154 aut
1606 1126 1668 1154 se-

239 1186 330 1213 men
353 1174 509 1213 maioris
532 1174 624 1213 belli
645 1174 789 1222 videat,
823 1175 909 1213 ideo
933 1187 997 1222 se,
1020 1173 1250 1225 priusquam
1272 1172 1473 1224 provincia
1496 1171 1667 1219 decedat,

184 1238 217 1270 11
242 1231 523 1283 opprimendos
544 1230 729 1281 Ilergetes
762 1230 940 1279 duxisse,
978 1231 1045 1269 sed
1077 1230 1267 1281 primum,
1302 1241 1350 1268 ne
1380 1228 1571 1280 impunita
1592 1233 1671 1267 tam

241 1287 428 1327 scelerata
450 1287 614 1326 defectio
634 1292 747 1336 esset,
771 1287 923 1335 deinde,
941 1299 990 1326 ne
1012 1287 1100 1337 quis
1121 1286 1161 1325 in
1178 1285 1379 1338 provincia
1396 1285 1512 1325 simul
1527 1285 1669 1324 virtute
1698 1332 1703 1338 ¹

182 1350 218 1383 12
239 1350 344 1384 tanta
367 1349 404 1383 et
432 1343 612 1383 felicitate
643 1343 860 1395 perdomita
882 1344 1042 1383 relictus
1072 1343 1195 1382 hostis
1219 1341 1292 1381 dici
1315 1348 1461 1393 posset.
1501 1341 1668 1393 proinde

241 1401 322 1440 deis
344 1400 444 1440 hene
465 1399 689 1440 iuvantibus
710 1406 971 1451 sequerentur
993 1412 1073 1439 non
1094 1405 1171 1438 tam
1203 1399 1249 1438 ad
1271 1398 1415 1437 bellum
1439 1398 1668 1449 gerendum,

240 1499 401 1534 Soldaten
427 1499 487 1531 mit
511 1498 623 1542 Scipio
649 1500 730 1533 13551
755 1499 818 1532 den
841 1499 921 1543 Sieg

240 1545 369 1584 hoffen;
396 1545 516 1588 Polyb.
543 1545 564 1578 l.
590 1545 612 1578 l.
643 1544 715 1588 legt
740 1545 834 1578 mehr
858 1545 921 1578 Ge—

240 1590 343 1623 wicht
368 1589 495 1630 darauf,
521 1589 598 1623 dass
622 1590 790 1631 sichjetzt
803 1590 921 1633 zeigen

240 1635 364 1675 werde,
386 1635 463 1668 dass
480 1645 542 1667 nur
556 1635 659 1668 durch
674 1635 806 1673 Romer,
828 1635 921 1668 nicht

230 1682 300 1728 ‘mit
325 1680 421 1714 Hiilfe
446 1680 504 1713 der
528 1680 685 1724 Spanier,
721 1681 774 1713 die
799 1680 921 1713 Punier

240 1725 429 1759 vertrieben
464 1726 600 1759 worden
633 1726 736 1759 seien.
763 1745 806 1750 —
835 1726 920 1765 fere,

241 1771 324 1804 auch
339 1770 496 1804 Claudius
522 1771 614 1804 hatte
636 1771 745 1814 einige
761 1770 921 1815 Truppen

240 1816 326 1849 nach
340 1816 485 1858 Spanien
510 1816 653 1859 gefiihrt,
679 1819 849 1857 s.26,17;
876 1816 919 1849 ib.

244 1864 295 1895 11.
321 1880 364 1884 -
388 1863 535 1903 primus,
562 1862 616 1901 25,
642 1863 695 1901 36,
718 1864 764 1895 16.
780 1872 918 1893 —con—

241 1906 326 1947 sule,
353 1915 387 1938 er
412 1906 504 1938 hatte
530 1915 619 1938 zwar
636 1906 685 1939 als
701 1906 823 1939 Consul
838 1905 920 1949 Spa-

241 1952 317 1984 nien
342 1961 400 1983 zur
414 1950 557 1983 Provinz
571 1950 734 1991 erhalten‚
758 1961 829 1983 war
843 1952 921 1984 aber

241 1998 310 2030 erst
325 1995 374 2029 als
389 1996 571 2029 Proconsul
587 1995 687 2028 dahin
708 1995 920 2039 gekomnien,

241 2044 296 2083 22,
321 2043 583 2074 22.—710mini
607 2041 697 2074 steht
721 2041 753 2073 in
780 2041 920 2074 anderer

241 2087 443 2129 Bedeutung
468 2097 509 2119 zu
536 2086 763 2129 Scipionum:
788 2086 841 2119 die
860 2087 919 2119 Fa-

240 2132 350 2173 milie,
383 2131 513 2165 welche
545 2131 597 2165 die
623 2132 674 2165 Sc.
705 2131 920 2172 ausmachen,

241 2178 290 2211 als
322 2187 363 2210 zu
399 2179 586 2219 auspiciis,
623 2176 676 2209 die
713 2177 813 2210 ihnen
846 2187 919 2209 ver-

241 2223 353 2256 liehen
380 2222 472 2260 sind;
505 2222 564 2255 das
590 2222 788 2266 Asyndeton
814 2233 839 2255 5.
866 2224 920 2262 21,

242 2269 296 2310 28,
322 2269 357 2306 2;
390 2267 471 2300 iiber
504 2270 674 2310 auspiciis
707 2268 770 2311 gilt
794 2267 854 2300 das
879 2277 920 2299 zu

242 2323 269 2345 c.
291 2315 344 2355 28,
363 2314 400 2346 13
429 2313 529 2345 duob.
557 2315 715 2355 imperat.
733 2312 918 2345 Bemerkte.

242 2376 285 2382 —
309 2360 442 2400 petenti
469 2361 545 2399 etc„
577 2358 624 2391 sie
659 2358 795 2390 wiirden
829 2358 920 2391 seine

242 2402 455 2446 Bewerbung
494 2405 724 2436 unterstiitzen
764 2404 812 2436 als
848 2403 920 2436 eine

244 2448 328 2480 auch
343 2448 389 2480 sie
405 2448 600 2491 angehende
614 2448 837 2489 Ehrensache,
851 2448 918 2491 vgl.

242 2495 296 2530 45,
324 2494 377 2532 38,
403 2496 434 2526 4.

290 2539 388 2571 8—9.
416 2537 474 2571 Die
500 2538 623 2572 Feinde
655 2539 729 2572 sind
763 2538 855 2571 nicht
882 2548 922 2570 zu

983 1498 1155 1539 ffirchten.
1181 1517 1225 1522 —
1257 1499 1427 1541 eaepedit„
1459 1499 1512 1530 ein
1544 1497 1699 1538 11105531·Ὶ

989 1544 1158 1587 Feldzug,
1195 1543 1273 1576 kein
1307 1543 1527 1587 eigentlicher
1559 1542 1670 1585 Krieg,
1703 1574 1706 1579 ,

990 1591 1008 1632 ξ
1032 1591 1081 1623 12.
1110 1608 1150 1612 -
1177 1599 1296 1621 rerum
1319 1593 1418 1631 gest„
1445 1588 1508 1621 ein
1534 1587 1671 1631 Begriff,

990 1634 1044 1667 die
1075 1633 1224 1675 Thaten,
1255 1634 1308 1667 die
1340 1634 1440 1667 ihnen
1467 1633 1670 1677 angehdren,
1702 1641 1710 1645 ’

993 1683 1021 1720 7,
1049 1682 1102 1722 33,
1129 1682 1166 1714 6:
1197 1690 1309 1712 novae
1333 1690 1388 1712 res
1411 1689 1446 1721 g.
1470 1698 1516 1704 —
1542 1679 1681 1720 Ilerge-.

993 1729 1076 1766 ium,
1102 1734 1128 1757 s.
1154 1735 1180 1757 c.
1208 1726 1307 1763 24,4.
1334 1744 1377 1749 ——-
1401 1724 1569 1767 praesid„
1595 1724 1668 1757 eine

991 1770 1361 1814 Truppenabtheilung.
1384 1789 1427 1794 --
1454 1770 1620 1810 latrones,
1645 1779 1671 1802 s.

991 1817 1020 1855 2,
1048 1818 1102 1856 48,
1128 1818 1158 1848 5.
1194 1814 1303 1848 Ueber
1328 1815 1380 1848 die
1406 1814 1672 1857 Wiederholung

989 1871 1057 1893 von
1084 1871 1154 1892 esse
1178 1870 1231 1892 am
1256 1859 1347 1893 Ende
1372 1860 1430 1892 der
1454 1858 1552 1892 Satze
1585 1870 1612 1893 s.
1639 1861 1670 1901 3,

991 1908 1090 1947 5,14,
1115 1904 1349 1949 vgl.1‚41,5:
1376 1905 1576 1936 audientem
1601 1915 1671 1936 esse

991 1970 1017 1974 —
1041 1952 1163 1982 munia
1196 1961 1286 1990 esse5
1316 1951 1370 1990 43,
1399 1952 1448 1991 18,
1475 1953 1510 1990 73
1537 1952 1590 1991 40,
1616 1951 1670 1990 34,

996 1998 1050 2029 11:
1079 1995 1297 2027 crediturum
1316 2006 1385 2026 esse
1403 1997 1541 2027 sincera
1558 1995 1629 2035 fide
1642 2014 1670 2018 —

990 2051 1071 2073 esse.
1098 2059 1141 2063 —-
1166 2044 1206 2072 ut
1230 2060 1257 2063 —
1283 2042 1329 2072 sit
1362 2040 1491 2073 enth'eilt
1516 2039 1670 2083 zugleich
1704 2043 1709 2053 ·’

989 2085 1042 2119 die
1066 2084 1313 2128 Einriiumung,
1342 2087 1396 2126 27,
1423 2088 1474 2127 26,
1504 2088 1529 2119 1.
1555 2105 1597 2110 -—-
1624 2085 1671 2118 ad

989 2131 1114 2173 fugam
1140 2130 1259 2172 gehort
1285 2141 1325 2163 zu
1350 2131 1552 2177 velocitate,
1589 2141 1614 2164 5.
1641 2141 1668 2164 c.

973 2178 1044 2217 Δ19,
1072 2177 1123 2209 13.

1039 2221 1179 2254 10-12.
1217 2220 1350 2254 Griinde
1386 2220 1445 2254 der
1480 2220 1668 2254 Unterneh-

990 2276 1104 2308 mung.
1130 2276 1200 2297 uon
1227 2266 1322 2308 quod
1346 2286 1372 2289 —
1399 2266 1488 2307 ideo,
1515 2267 1546 2307 2,
1571 2267 1622 2307 15,
1636 2267 1667 2298 2.

990 2331 1033 2335 -
1058 2321 1182 2351 semen,
1209 2311 1273 2344 wie
1296 2312 1369 2352 c.2,
1386 2313 1424 2344 13
1450 2313 1669 2344 materia.—

990 2360 1105 2399 posset
1135 2355 1203 2388 und
1234 2356 1355 2389 vorher
1392 2360 1477 2388 esset
1512 2356 1557 2388 im
1588 2355 1669 2388 Ver-

992 2401 1101 2445 gleich
1127 2412 1167 2434 zu
1192 2401 1267 2435 dem
1292 2401 1490 2444 vorhergeh.
1512 2410 1668 2444 praesen·
1713 2436 1717 2437 ⁷

992 2447 1048 2488 tia,
1074 2457 1100 2480 5.
1129 2449 1158 2487 3,
1176 2449 1281 2489 50,8;
1308 2446 1461 2490 dagegen
1485 2447 1528 2479 ist
1552 2447 1584 2478 in
1611 2445 1669 2478 der

992 2491 1238 2535 Aufforderung
1263 2492 1348 2525 nach
1370 2492 1524 2535 proinde
1536 2491 1669 2524 (1351111-

992 2537 1074 2580 perf.
1102 2537 1160 2570 das
1183 2537 1417 2581 gewohnliche
1430 2536 1588 2581 Tempus,
1615 2537 1668 2576 27,

1511 112 1535 133 a.
1555 113 1584 135 u-
1604 106 1666 133 548.
1730 106 1732 123 ¹
