1732 2840
178 111 258 150 116

600 112 724 146 LIBER
749 111 880 146 XXVII.
929 111 1021 145 CAP.
1049 114 1102 146 46.
1131 114 1184 145 47.

1457 129 1482 149 a.
1501 130 1528 150 u.
1547 124 1606 150 547.

175 229 305 268 silium
327 239 455 276 suum,
479 227 582 278 quod
604 232 732 266 tutum
755 227 934 266 celeritas
954 227 1122 276 fecisset,
1144 226 1397 266 temerarium
1416 227 1605 266 morando

135 294 155 326 9
175 286 365 324 facerent:
384 296 530 332 errore,
549 283 616 334 qui
634 295 713 322 non
733 283 945 323 diuturnus
963 284 1119 322 futurus
1137 288 1252 332 esset,
1263 283 1365 322 velut
1384 288 1606 334 torpentem

177 340 434 381 Hannibalem
456 352 530 379 nec
551 345 676 379 castra
698 352 766 379 sua
789 339 874 379 sine
895 340 994 379 duce
1015 340 1147 380 relicta
1170 339 1349 391 adgredi,
1381 352 1455 379 nec
1475 340 1524 379 ad
1545 352 1606 380 se-

177 398 375 449 quendum
395 409 435 436 se
453 397 526 436 iter
543 396 771 436 intendisse.
798 402 1005 448 antequam
1023 409 1064 436 se
1079 402 1242 444 moveat,
1256 396 1374 435 deleri
1393 396 1604 436 exercitum

117 463 155 495 10
176 453 430 493 Hasdrubalis
451 465 567 505 posse
588 453 786 505 redirique
807 453 847 492 in
870 453 1071 505 Apuliam;
1095 453 1161 504 qui
1185 452 1414 504 prolatando
1437 455 1606 505 spatium

177 511 279 549 hosti
309 510 394 559 det,
435 522 522 549 eum
554 516 591 550 et
619 509 682 549 illa
715 516 839 549 castra
868 510 1035 562 prodere
1065 509 1272 549 Hannibali
1309 516 1347 549 et
1382 509 1534 560 aperire
1564 510 1605 549 in

119 577 154 608 11
179 567 338 607 Galliam
361 566 447 614 iter,
470 573 512 606 ut
528 578 599 618 per
616 567 753 615 otium,
775 566 843 605 ubi
860 566 961 614 velit,
983 566 1215 606 Hasdrubali
1235 565 1517 617 coniungatur:
1540 578 1606 606 ex-

180 624 325 675 templo
356 623 511 675 signum
543 623 712 662 dandum
745 629 782 662 et
812 623 1034 663 exeundum
1065 623 1105 662 in
1135 623 1256 662 aciem
1288 622 1608 674 abutendumque

181 692 314 719 errore
335 680 506 718 hostium
528 679 745 719 absentium
764 683 1117 732 praesentiumque,
1141 680 1231 718 dum
1255 692 1385 731 neque
1407 679 1461 718 illi
1486 679 1611 718 sciant

180 749 267 775 cum
298 736 551 788 paucioribus
581 749 655 775 nec
684 736 721 775 hi
754 749 842 776 cum
872 736 1054 788 pluribus
1075 742 1113 776 et
1133 736 1385 775 validioribus
1406 748 1488 774 rem
1511 747 1609 775 esse.

121 804 159 836 12
180 792 344 832 consilio
377 793 536 832 dimisso
573 793 729 844 signum
761 805 917 845 pugnae
952 793 1213 845 proponitur,
1254 792 1540 843 confestimque
1569 792 1610 831 in

182 849 302 889 aciem
326 849 558 901 procedunt.

303 906 382 945 Iam
412 906 544 945 hostes
575 913 664 946 ante
693 912 815 945 castra
845 904 1026 944 instructi
1063 904 1236 953 stabant3
1278 916 1426 944 moram
1456 917 1613 957 pugnae

181 962 321 1011 attulit,
335 963 438 1014 quod
451 962 682 1011 Hasdrubal,
694 968 902 1014 provectus
919 966 1008 1000 ante
1025 961 1136 1013 signa
1150 973 1238 1000 cum
1255 961 1390 1013 paucis
1403 961 1613 1013 equitibus,

182 1024 289 1058 scuta
306 1025 434 1058 vetera
451 1019 623 1058 hostium
640 1019 799 1067 notavit,
814 1031 913 1070 quae
930 1024 1021 1057 ante
1038 1030 1118 1057 non
1133 1017 1292 1067 viderat,
1311 1023 1348 1056 et
1366 1018 1614 1069 strigosiores

141 1087 160 1119 2
182 1088 324 1127 equos;
356 1075 565 1114 multitudo
589 1087 748 1126 quoque
770 1076 892 1114 maior
914 1074 1026 1113 solita
1050 1074 1128 1113 visa
1154 1080 1223 1113 est.
1266 1074 1487 1126 suspicatus
1510 1074 1613 1114 enim

181 1133 232 1181 id,
256 1132 360 1184 quod
382 1137 475 1181 erat,
498 1132 674 1184 receptui
697 1144 866 1184 propere
889 1131 1032 1170 cecinit
1053 1143 1097 1170 ac
1118 1131 1224 1170 misit
1245 1131 1290 1170 ad
1311 1131 1482 1179 flumen,
1509 1131 1615 1170 unde

179 1188 446 1240 aquabantur,
476 1188 542 1228 ubi
566 1194 603 1227 et
625 1189 751 1240 excipi
774 1188 890 1239 aliqui
913 1193 1077 1239 possent
1099 1192 1136 1226 et
1157 1187 1284 1226 notari
1314 1187 1460 1236 oculis,
1492 1187 1522 1226 si
1546 1187 1615 1238 qui

181 1287 301 1329 dieses,
326 1287 404 1320 dass
430 1298 465 1321 er
489 1287 560 1321 sich
587 1298 628 1320 zu
654 1287 862 1331 dringenden

180 1333 292 1365 Bitten
319 1332 525 1375 herablasst,
550 1343 576 1366 s.
602 1335 656 1374 22,
684 1335 735 1373 18,
762 1334 793 1375 S,
819 1333 863 1365 im

181 1377 420 1420 vorliegenden
435 1378 524 1411 Falle
549 1378 609 1411 das
628 1377 785 1411 Starkere
810 1378 863 1411 ist.

182 1443 226 1446 —
251 1425 391 1465 institit,
416 1433 442 1456 s.
468 1425 524 1465 25,
552 1426 602 1465 19,
629 1426 659 1456 7.

228 1470 260 1501 9.
288 1479 419 1510 errore,
445 1479 472 1501 s.
500 1479 527 1502 c.
554 1470 660 1511 44,33
687 1470 741 1509 31,
764 1470 818 1510 33,
833 1471 862 1501 7.

183 1533 227 1536 —
252 1524 323 1545 non
350 1513 522 1554 de'ulur7z.‚
554 1513 736 1556 allerdings
761 1513 804 1546 ist
830 1523 865 1546 es

183 1559 215 1590 in
252 1558 374 1591 hohern
407 1558 513 1592 Grade
552 1558 750 1599 auffallend,
788 1557 865 1591 dass

182 1603 349 1637 Hannibal
374 1603 427 1636 die
443 1603 684 1637 Abwesenheit
709 1604 768 1636 des
782 1604 866 1636 Con-

184 1649 255 1681 suls
280 1649 374 1681 nieht
397 1649 548 1692 sogleich
572 1649 723 1682 erfabren
740 1648 807 1682 und
833 1649 866 1681 in

185 1696 272 1727 2-2-13
299 1693 450 1727 Wocben
476 1694 586 1728 nichts
610 1699 866 1727 unternommen

184 1739 252 1772 hat.
279 1758 323 1762 —
348 1743 507 1782 torpet-e,
541 1740 588 1772 sei
621 1740 655 1772 in
679 1739 783 1783 Folge
807 1739 866 1772 des

184 1783 345 1817 lrrthuins
364 1784 545 1827 gleichsam
561 1785 711 1828 (geistig)
731 1787 866 1817 erstarrt

185 1829 253 1861 und
279 1829 445 1872 untbatig
472 1848 514 1854 —
540 1832 608 1862 2'2ce1
633 1833 707 1871 mt„
738 1829 809 1863 sich
834 1830 866 1861 in

185 1874 384 1916 Bewegung
410 1878 551 1916 gesetzt,
575 1875 639 1907 den
653 1874 784 1907 Marseh
811 1885 868 1917 ge-

184 1918 307 1952 richtet
332 1919 429 1959 habe,
455 1930 481 1951 s.
509 1922 561 1961 10,
577 1922 631 1961 43,
648 1922 705 1957 13;
733 1921 786 1961 29,
813 1921 866 1959 33,

188 1967 218 1995 7.
268 1963 386 1996 Beides
420 1964 464 1996 ist
495 1974 532 1997 so
565 1969 701 2007 gesagt‚
741 1964 790 1996 als
824 1964 866 1996 ob

187 2009 275 2042 Nero
314 2009 517 2051 ungeachtet
564 2009 622 2042 der
656 2009 867 2052 Entfernung

187 2054 298 2087 davon
323 2054 543 2087 unterricbtet
569 2064 726 2097 gewesen
753 2056 853 2087 ware.

237 2101 378 2133 10—12.
403 2100 547 2142 prolat„
574 2101 722 2142 7,21,2:
747 2100 866 2142 prola·

189 2145 307 2176 landis
333 2146 496 2178 comitiis.
522 2164 566 2169 —
591 2145 675 2187 illa,
707 2144 767 2178 das
798 2148 870 2178 ent-

190 2190 352 2232 serntere,
382 2190 414 2222 in
440 2190 596 2233 Apulien.
623 2210 666 2214 -
693 2190 871 2231 abutenti„

190 2234 420 2268 vollkommen
465 2235 710 2277 ausbrauchen,
759 2235 869 2269 nicht:

189 2279 452 2313 missbrauchen.
478 2300 522 2304 —
548 2280 629 2312 dum
655 2284 732 2321 etc„
756 2279 870 2313 Erkla-

190 2335 275 2367 rung
301 2335 366 2357 von
393 2336 505 2369 error,
532 2335 558 2359 s.
577 2326 681 2368 praef.
696 2327 726 2359 2.
741 2345 783 2349 —
798 2336 871 2358 rem

192 2381 282 2411 esse,
315 2381 355 2402 zu
381 2370 485 2412 thun,
518 2381 559 2403 zu
584 2371 740 2414 kampsen
767 2371 868 2411 habe3

191 2414 294 2447 daher
318 2425 388 2447 war
411 2415 491 2454 fore
523 2415 616 2449 nieht
640 2415 872 2459 notbwendig.

191 2480 234 2483 —-
258 2462 400 2501 signum
424 2472 457 2503 p.
483 2472 531 2503 p.,
563 2471 588 2494 s.
616 2463 669 2503 22,
696 2463 726 2503 3,
752 2463 787 2500 93
813 2460 873 2493 da-

192 2505 393 2547 gegenist§
411 2508 447 2538 11
475 2508 615 2548 signum
642 2506 710 2539 wol
725 2505 784 2539 das
798 2507 871 2549 spa<

192 2553 242 2582 ter
255 2549 449 2593 erfolgende
462 2551 604 2585 Zeichen
618 2552 678 2585 mit
692 2552 755 2585 den
771 2551 870 2584 tubae

934 1286 1002 1319 und
1029 1296 1164 1329 cornua,
1189 1297 1214 1319 s.
1238 1288 1361 1328 30,33,
1380 1288 1431 1329 12,
1456 1286 1616 1330 gemeint,

933 1331 1082 1365 welches
1107 1332 1141 1364 L.
1169 1332 1240 1364 hier
1263 1331 1441 1374 iibergeht.

978 1376 1036 1412 47.
1065 1379 1162 1410 1-4,
1187 1381 1316 1419 velera,
1342 1377 1562 1419 nicbtstreng
1576 1387 1616 1410 zu

934 1422 1096 1455 nehmen:
1124 1422 1181 1463 alt,
1199 1421 1401 1455 verbraucht
1413 1421 1616 1463 aussehend,

933 1468 1003 1509 vgl.
1039 1466 1097 1500 Sil.
1128 1468 1169 1500 lt.
1199 1470 1249 1509 15,
1274 1469 1357 1501 605:
1390 1468 1548 1510 pulveris
1579 1469 1615 1500 in

936 1513 1057 1555 clipeis
1082 1515 1231 1554 vestigia
1257 1515 1330 1544 visa
1356 1514 1552 1550 movebant,
1584 1516 1618 1545 et

935 1560 1083 1601 properi
1104 1560 1246 1599 signum
1272 1568 1452 1591 accursu&
1470 1576 1514 1581 —-
1536 1559 1616 1590 stri-

934 1614 1023 1645 ges„
1048 1612 1173 1645 mager,
1199 1612 1240 1635 an
1265 1613 1297 1635 u.
1323 1601 1371 1635 St.
1397 1602 1481 1636 wol:
1517 1603 1619 1646 abge-

936 1648 1075 1689 trieben,
1101 1648 1158 1681 Sil.
1185 1650 1267 1682 607:
1301 1650 1510 1690 sonipesque
1533 1650 1618 1680 viri—

938 1704 1003 1736 que
1038 1694 1222 1726 substricti
1255 1703 1393 1736 corpus.
1427 1712 1473 1716 —
1501 1693 1618 1735 solita,

937 1739 1002 1771 wie
1023 1749 1058 1771 er
1072 1738 1120 1772 sie
1143 1738 1248 1771 sehon
1271 1738 1320 1771 oft
1334 1738 1481 1781 gesehen
1502 1737 1616 1776 hatte;

937 1785 1040 1816 solito
1067 1784 1156 1817 ware
1181 1784 1252 1816 hier
1283 1783 1487 1827 unpassend.
1535 1783 1617 1816 Has-

938 1829 1055 1862 drubal
1082 1829 1141 1861 hat
1165 1829 1235 1862 also
1261 1829 1365 1862 sehon
1390 1828 1527 1871 langere
1547 1828 1621 1861 Zeit

937 1874 1000 1907 den
1027 1874 1172 1907 Feinden
1203 1874 1397 1917 gegeniiber
1421 1873 1619 1925 gestanden,

956 1919 1107 1952 ..Zonar
1130 1919 1151 1951 l.
1169 1919 1209 1952 L:
1236 1919 1295 1951 ἐπὶ
1320 1916 1452 1951 πολλὰς
1476 1915 1515 1950 δὲ
1539 1914 1620 1961 ἦμέ-

937 1974 1000 2007 ρας
1023 1962 1114 1996 κατὰ
1139 1962 1190 2004 ‘za'
1191 1975 1265 2017 ραν
1296 1966 1437 2006 ἑμεινεπ
1460 1963 1619 2017 (Livius)·

935 2006 1014 2042 ἀλλ’
1043 2005 1167 2040 οὐδὲ
1150 2021 1168 2040 ο
1190 2005 1410 2061 Ἀσδρούβας
1396 2006 1489 2049 svr‘yv
1500 2021 1619 2062 μαχην

935 2049 1161 2095 uavr'netgea,
1186 2050 1339 2096 ἡσύχαζε
1363 2051 1403 2085 δὲ
1426 2052 1492 2086 τὸι
1520 2050 1620 2087 ἀδελ-

939 2112 1009 2144 φθν
1034 2097 1171 2142 ἆναμέν
1174 2111 1237 2131 60²¹

985 2146 1003 2177 2
1016 2146 1082 2177 4.
1107 2146 1275 2187 suspzcac.
1307 2154 1360 2177 en.
1396 2146 1457 2177 etc.
1491 2143 1621 2177 entha1t

937 2190 1002 2223 den
1018 2188 1130 2222 Grund
1154 2200 1176 2221 x
1180 2199 1221 2221 on
1236 2199 1371 2221 moram
1386 2190 1501 2231 attul„
1525 2189 1620 2222 wah-

939 2234 1020 2268 rend
1046 2234 1142 2277 quod
1153 2234 1328 2267 Hasdrub.
1345 2237 1408 2267 ete.
1428 2244 1529 2275 zwar,
1554 2234 1620 2267 wie

941 2280 1000 2321 oft,
1015 2280 1259 2322 vorangestellt
1272 2280 1326 2321 ist,
1341 2279 1420 2313 aber
1434 2279 1496 2312 den
1506 2279 1619 2313 Grund

940 2335 1007 2357 von
1039 2327 1130 2356 enim
1156 2344 1183 2349 —
1209 2327 1368 2367 receptui
1396 2328 1459 2358 etc.
1491 2325 1619 2368 angibt.

939 2390 984 2394 —
997 2372 1104 2412 misit,
1131 2370 1293 2403 nachdem
1309 2369 1362 2402 die
1375 2370 1497 2402 Romer
1520 2370 1553 2402 in
1569 2369 1620 2402 ihr

938 2415 1044 2458 Lager
1069 2415 1373 2459 zuriickgegangen
1398 2414 1483 2448 sind.
1503 2434 1548 2438 —-
1572 2415 1621 2447 ad

938 2462 1085 2502 flumen,
1116 2460 1288 2493 entweder
1320 2460 1378 2493 der
1400 2459 1505 2492 Misus
1539 2459 1621 2493 oder

939 2505 997 2538 der
1034 2508 1140 2539 etwas
1177 2506 1271 2539 mehr
1307 2504 1478 2538 nordliche
1511 2505 1620 2546 Fluss,

937 2550 1109 2584 vielleieht
1140 2550 1193 2584 die
1218 2550 1320 2590 Sena;
1355 2549 1412 2583 der
1436 2549 1618 2592 Metaurus,
