1732 2840
181 142 233 183 38
599 143 722 177 LlBER
747 142 877 176 XXVII.
925 143 1020 177 CAP.
1049 145 1101 177 12.
1130 145 1179 176 13.
1457 161 1482 180 a.
1503 161 1531 180 u.
1550 146 1611 180 5⁴45.

119 267 156 300 16
177 260 280 300 bant.
323 258 499 299 cecidere
532 259 571 297 in
604 270 736 310 pugna
766 259 943 309 fuyaque
973 257 1017 296 ad
1046 257 1121 296 duo
1153 257 1270 296 millia
1301 264 1338 296 et
1369 257 1609 309 septingenti

180 316 319 356 civium
354 316 655 366 sociorumque3
688 315 727 353 in
759 314 805 353 iis
836 319 1021 365 quattuor
1041 313 1206 353 Romani
1229 313 1498 363 centuriones,
1530 314 1607 353 duo

123 380 159 412 17
181 373 329 413 tribuni
351 372 533 421 rnilitum,
556 371 606 410 M.
625 371 801 410 Licinius
823 376 860 410 et
880 370 930 410 Μ.
949 370 1120 409 Helvius.
1162 371 1272 421 signa
1294 370 1471 410 militaria
1496 376 1608 421 quat—

178 437 270 469 tuor
292 429 337 468 de
359 428 436 477 ala,
467 428 592 480 prima
615 431 713 479 qu'ae
735 427 846 478 fugit,
878 427 954 466 duo
978 427 1024 466 de
1045 427 1221 477 legione,
1254 439 1354 478 quae
1377 426 1606 466 cedentibus

180 486 297 525 sociis
319 490 576 532 successerat,
599 484 752 523 amissa.

109 544 156 581 13
293 541 512 588 Marcellus,
536 546 740 592 postquam
763 540 802 579 in
827 547 949 579 castra
973 539 1139 579 reditum
1157 547 1226 585 est,
1261 540 1486 578 contionem
1512 539 1607 578 adeo

180 611 328 638 saevam
351 603 466 649 atque
488 597 666 637 acerbam
698 597 802 648 apud
823 596 964 635 milites
985 596 1141 645 habuit,
1177 602 1219 635 ut
1242 595 1392 648 proelio
1415 608 1486 647 per
1507 596 1608 635 diem

139 662 157 693 2
178 660 302 694 totum
325 655 532 694 infeliciter
552 654 715 693 tolerato
737 654 886 692 tristior
908 653 953 692 iis
975 652 1060 693 irati
1083 653 1192 692 ducis
1215 653 1336 692 oratio
1360 659 1473 692 esset.
1523 652 1610 700 „dis

179 711 478 760 immortalibus,
502 715 546 749 ut
568 710 606 749 in
629 710 695 750 tali
718 722 774 758 re,
799 709 933 749 laudes
954 712 1185 761 gratesque“
1211 709 1338 760 inquit
1360 721 1474 760 „ag0,
1506 709 1611 761 quod

179 768 303 806 victor
325 768 449 806 hostis
472 779 560 806 cum
582 772 691 806 tanto
713 778 856 818 pavore
878 765 1144 805 incidentibus
1161 766 1269 805 vobis
1291 766 1330 805 in
1352 765 1494 804 vallum
1516 777 1608 817 por-

180 829 315 875 tasque
334 836 414 863 non
431 824 516 875 ipsa
533 828 655 862 castra
682 827 740 862 est
754 823 974 874 adgressus:
994 823 1266 862 deseruissetis
1283 822 1460 874 profecto
1473 822 1610 861 eodem

137 886 155 918 3
176 886 326 920 terrore
349 886 487 926 castra,
510 892 587 931 quo
610 880 794 918 omisistis
825 891 1010 931 pugnam.
1044 878 1110 930 qui
1133 891 1252 930 pavor
1271 879 1357 926 hic,
1380 879 1446 930 qui
1468 885 1610 927 terror,

178 949 277 987 quae
300 942 475 988 repente,
507 936 574 986 qui
593 943 629 975 et
651 948 740 975 cum
764 936 906 987 quibus
928 936 1177 987 pugnaretis,
1211 935 1352 974 oblivio
1374 935 1526 975 animos
1548 947 1612 974 ce-

179 991 265 1044 pit?
308 1005 449 1044 nempe
480 992 580 1031 idem
610 998 702 1031 sunt
732 992 770 1030 hi
801 992 956 1039 hostes,
990 1004 1089 1043 quos
1120 991 1311 1031 vincendo
1342 997 1379 1031 et
1407 991 1528 1031 victos
1550 1004 1611 1031 se·

138 1055 157 1086 4
179 1049 336 1100 quendo
367 1049 538 1100 priorem
568 1054 751 1088 aestatem
782 1048 1077 1099 absumpsistis‚
1111 1048 1253 1099 quibus
1285 1048 1367 1087 dies
1396 1053 1611 1100 noctesque

177 1105 422 1157 fugientibus
439 1117 510 1157 per
523 1105 595 1143 hos
612 1105 694 1144 dies
721 1105 929 1151 institistis,
952 1117 1052 1155 quos
1069 1104 1217 1143 levibus
1234 1104 1393 1156 proeliis
1411 1105 1611 1156 fatigastis,

179 1174 279 1212 quos
308 1163 491 1201 hesterno
524 1162 584 1200 die
608 1174 679 1201 nec
700 1162 773 1200 iter
803 1162 929 1200 facere
961 1173 1033 1200 nec
1056 1167 1179 1200 castra
1209 1173 1358 1212 ponere
1380 1162 1483 1212 passi
1506 1161 1611 1200 estis.

138 1224 156 1255 5
178 1218 313 1257 omitto
350 1230 413 1267 ea,
447 1217 590 1269 quibus
623 1217 780 1268 gloriari
811 1218 995 1269 potestis3
1027 1217 1139 1256 cuius
1172 1224 1210 1256 et
1240 1217 1365 1268 ipsius
1396 1217 1546 1268 pudere
1567 1230 1611 1256 ac

178 1274 376 1325 paenitere
398 1287 464 1313 vos
487 1280 663 1325 oportet,
686 1275 873 1314 referam:
906 1286 1047 1325 nempe
1068 1274 1204 1325 aequis
1225 1273 1404 1312 inanibus
1424 1274 1610 1313 hesterno

137 1338 156 1370 6
178 1331 238 1370 die
268 1330 476 1370 diremistis
507 1343 693 1382 pugnam.
744 1331 834 1382 quid
867 1331 962 1370 baec
993 1343 1090 1378 nOX,
1122 1330 1214 1380 quid
1244 1330 1307 1369 hic
1339 1330 1420 1369 dies
1451 1328 1610 1370 attulit?

178 1393 327 1426 vestrae
349 1387 396 1426 iis
418 1388 552 1438 copiae
574 1387 790 1426 inminutae
813 1393 917 1435 sunt,
940 1399 988 1426 an
1011 1387 1166 1425 illorum
1200 1385 1365 1426 auctae?
1396 1399 1474 1425 non
1500 1386 1610 1438 equi-

179 1464 327 1505 dabant,
362 1466 454 1496 acies
488 1465 530 1496 ist
556 1464 788 1497 Collectivum.
813 1483 857 1487 —-

178 1512 216 1540 z‘n
240 1511 296 1550 iix,
322 1510 375 1549 22,
400 1511 455 1547 49,
486 1512 538 1547 15;
574 1511 625 1549 10,
657 1511 709 1549 20,
739 1512 788 1543 15.
813 1528 856 1531 —

177 1553 329 1586 Romane?
353 1556 562 1596 centurion„
587 1554 608 1597 ξ
628 1557 645 1587 7
673 1565 703 1586 u.
729 1565 777 1592 0.;
804 1553 858 1586 die

178 1598 350 1632 Prafecten
377 1599 435 1632 der
452 1599 755 1642 Bundesgenossen
782 1599 856 1632 sind

178 1644 271 1677 nicht
296 1644 458 1677 erwalint.
485 1664 528 1667 —
551 1647 667 1686 signa,
695 1645 764 1677 hier
790 1655 855 1677 von

177 1689 241 1723 den
274 1689 406 1722 Fahnen
433 1689 490 1722 der
515 1689 677 1733 Manipel,
710 1689 767 1723 der
792 1690 854 1722 Co-

178 1734 295 1767 horten
322 1734 389 1766 und
406 1735 464 1767 der
481 1734 550 1773 ala3
577 1734 858 1768 walirscheinlich

176 1779 263 1822 folgt
295 1779 327 1812 L.
366 1779 516 1813 Valerius
540 1780 678 1819 Antias,
710 1780 777 1822 vgl.
804 1782 858 1819 23,

178 1827 232 1866 35,
250 1826 300 1857 19.
327 1844 367 1848 —-
391 1827 508 1866 prima
535 1836 633 1867 quae,
660 1836 686 1858 s.
707 1836 734 1859 c.
750 1828 780 1866 8,
799 1827 857 1861 17;

181 1872 232 1910 11,
259 1871 295 1906 7;
328 1871 383 1907 42,
413 1872 463 1910 ll,
488 1871 525 1903 2:
559 1870 727 1909 benefic-ia
754 1889 778 1892 —
806 1872 858 1902 in-

174 1916 310 1956 gentia,
336 1925 448 1955 qzme;
472 1916 526 1951 45,
556 1916 607 1953 is,
633 1917 663 1947 2.

222 1957 281 1993 13.
310 1961 406 1992 1—4.
431 1970 582 2000 suevam,
600 1959 714 2001 vg1.4‚
728 1962 782 1998 49,
801 1962 857 1993 13:

177 2015 316 2036 saevam
332 2004 488 2044 dicl11m,·
513 2006 544 2045 2,
558 2006 611 2045 58,
625 2006 662 2042 6;
678 2004 756 2038 Tac.
773 2007 858 2038 Ann.

181 2051 209 2091 1,
225 2051 243 2082 6
256 2063 262 2081 ;
277 2049 388 2081 mulla
401 2060 575 2091 saeuaque
589 2054 747 2091 questus:
767 2049 855 2082 nicht

177 2093 360 2135 schonend,
370 2094 464 2127 wehe
474 2095 611 2136 thuend,
623 2096 761 2135 acet-ba,
772 2095 857 2127 beis—

177 2139 271 2178 send,
297 2139 365 2182 vgl.
382 2140 435 2181 28,
450 2141 547 2181 29,5.
562 2144 658 2172 —ut
680 2140 857 2173 beschran—

177 2183 282 2221 keud;
309 2185 431 2217 soweit
454 2185 486 2217 in
513 2185 603 2217 einer
617 2185 754 2218 solchen
768 2185 856 2227 Lage

177 2238 243 2261 von
268 2229 337 2261 Lob
362 2229 430 2262 und
455 2229 549 2262 Dank
582 2230 635 2263 die
659 2230 749 2263 Rede
785 2230 855 2263 sein

176 2273 279 2314 kann,
304 2274 371 2317 vgl.
389 2276 442 2315 28,
459 2277 511 2315 28,
531 2278 566 2313 13
591 2285 626 2308 es
652 2275 743 2308 hatte
769 2276 854 2308 noch

178 2321 348 2361 grosseres
374 2319 528 2362 Ungltiek
553 2319 743 2363 geschehen
769 2319 854 2353 kon-

178 2373 252 2396 nen.
278 2383 321 2387 —
348 2365 470 2397 laudes
491 2376 559 2407 gr„
586 2367 640 2407 26,
655 2367 709 2406 48,
729 2367 759 2404 3,
785 2365 854 2407 vgl.

178 2409 300 2450 23,11‚
318 2410 366 2442 12.
395 2429 435 2433 —
461 2410 654 2443 incidentes
679 2415 753 2448 etc„
779 2421 803 2443 s.
823 2413 856 2449 5,

179 2455 233 2494 26,
255 2455 291 2487 8;
316 2456 529 2496 priusquam
553 2459 718 2497 paventes
741 2458 855 2498 portis

176 2498 402 2537 incidissent;
427 2500 470 2533 ib.
496 2503 546 2541 11,
563 2503 614 2534 14.
629 2520 671 2524 —
689 2503 754 2542 qni
775 2511 854 2542 ραυ.

178 2544 223 2583 11,,
248 2543 312 2576 wie
338 2546 368 2585 6,
396 2546 426 2583 7,
451 2547 468 2577 3
486 2545 561 2577 1.-
577 2548 733 2588 priorem
760 2550 854 2586 aest„

177 2597 204 2620 s.
236 2598 262 2621 c.
296 2590 332 2623 2:
378 2588 553 2623 Marcellus
591 2591 645 2622 liat
683 2590 855 2624 dieselben

928 1463 1086 1506 Truppen
1114 1464 1178 1497 wie
1203 1464 1247 1495 im
1272 1463 1471 1506 vorhergeli.
1489 1462 1606 1502 Jahre;

927 1508 980 1541 die
993 1509 1163 1552 Legionen
1179 1508 1446 1549 heissenjedoch
1468 1508 1543 1541 dort
1556 1508 1609 1541 die

927 1558 1014 1587 erste
1039 1553 1105 1586 uud
1132 1554 1231 1586 dritte
1253 1564 1279 1586 c.
1296 1555 1326 1594 2,
1342 1556 1361 1587 6
1377 1553 1411 1596 f.‚
1437 1553 1507 1586 hier
1522 1554 1610 1586 duo-

928 1599 1159 1631 devicensima
1175 1609 1204 1632 c.
1218 1601 1267 1637 12,
1282 1600 1321 1632 14
1335 1598 1403 1631 und
1419 1601 1610 1631 vicensima

926 1654 954 1677 c.
974 1646 1064 1685 14,3‚
1078 1644 1154 1676 weil
1170 1643 1325 1684 inJedem
1339 1643 1440 1676 Jalire
1454 1643 1508 1676 die
1522 1643 1608 1677 Con-

926 1689 999 1722 suln
1026 1689 1079 1721 die
1096 1691 1192 1722 1—4.
1208 1689 1333 1732 Legion
1355 1689 1528 1730 erhielten‚
1553 1689 1607 1722 die

928 1735 1067 1777 iibrigen
1099 1734 1219 1767 anders
1245 1734 1427 1767 numeriert
1459 1734 1609 1767 wurden.

973 1781 1071 1813 5—8.
1098 1783 1219 1812 omitto
1235 1799 1260 1803 -
1274 1779 1441 1819 referam,
1465 1779 1517 1812 ich
1539 1779 1609 1812 will

928 1825 1132 1867 ribei-gehen,
1163 1844 1183 1847 -
1212 1824 1363 1867 dag-egen
1389 1824 1459 1857 will
1485 1824 1538 1857 ich
1561 1828 1609 1857 et-

929 1880 999 1902 was
1017 1869 1208 1909 erwahnen,
1234 1869 1352 1902 dessen
1368 1869 1419 1901 ihr
1437 1868 1532 1911 euch,
1558 1869 1608 1902 als

928 1915 1060 1953 Romer,
1087 1925 1111 1946 s.
1128 1917 1158 1954 9,
1173 1916 1225 1954 24,
1242 1916 1271 1955 8,
1297 1913 1338 1946 da
1361 1914 1412 1946 ilir
1427 1918 1523 1947 uuter
1537 1914 1608 1947 die-

929 1970 986 1992 sen
1013 1959 1218 1992 Umstanden
1246 1959 1353 1991 hattet
1377 1959 1494 2002 stegen
1519 1962 1609 1993 mils-

927 2015 1003 2044 sen,
1036 2004 1103 2036 und
1129 2005 1161 2036 in
1189 2003 1365 2046 Vergleieh
1403 2005 1463 2036 mit
1487 2014 1608 2037 eueren

927 2049 1079 2081 friiheren
1099 2048 1229 2082 Tbaten
1256 2049 1457 2091 gleichsalls,
1482 2050 1606 2082 ebenso

926 2099 972 2135 (ec
986 2096 1076 2135 ips),
1103 2095 1166 2126 wie
1187 2094 1246 2127 der
1264 2094 1423 2136 heutigen
1439 2093 1608 2135 Schlaclit,

925 2139 1082 2172 schamen
1110 2142 1227 2177 miisst,
1253 2138 1312 2171 das
1332 2139 1411 2171 aber
1430 2139 1516 2172 doch
1542 2150 1609 2173 we-

927 2185 1022 2226 niger
1035 2183 1245 2226 scliimpssicli
1264 2184 1307 2215 ist
1321 2183 1369 2216 als
1384 2194 1461 2216 eure
1477 2184 1606 2217 Flucht.

928 2229 983 2261 Die
1009 2229 1164 2271 Stellung
1188 2228 1247 2262 der
1272 2229 1387 2261 Worte
1412 2229 1604 2263 chiastisch.

926 2293 968 2298 ——
995 2277 1114 2316 aequis
1140 2285 1197 2314 m.,
1223 2284 1248 2306 s.
1275 2284 1303 2306 c.
1333 2276 1384 2315 12,
1414 2277 1470 2317 10,
1498 2276 1528 2316 2,
1551 2277 1607 2315 40,

928 2322 982 2352 14:
1010 2330 1121 2361 aequo
1147 2319 1262 2351 Marte
1287 2319 1496 2359 discessum5
1522 2319 1604 2352 Sall.

926 2366 960 2397 C.
986 2366 1039 2400 39.
1059 2367 1095 2397 4:
1122 2366 1191 2395 si—
1209 2374 1320 2406 aequa
1346 2375 1454 2397 manu
1480 2365 1606 2396 disces-

924 2412 1046 2448 sisset,·
1069 2408 1148 2441 Tac,
1175 2409 1259 2441 Anu.
1278 2412 1304 2448 1,
1322 2410 1380 2447 63;
1406 2409 1464 2443 der
1478 2409 1607 2453 Haupt-

925 2459 995 2488 satz
1030 2453 1149 2486 driickt
1192 2454 1255 2486 den
1287 2454 1468 2487 Gedanken
1506 2454 1606 2487 nach-

924 2499 1134 2532 driicklicher
1158 2509 1235 2538 aus,
1269 2499 1318 2532 als
1352 2509 1387 2532 es
1412 2499 1515 2532 durch
1541 2499 1605 2532 den

925 2555 993 2577 acc.
1025 2554 1052 2576 c.
1087 2544 1142 2576 inf.
1178 2544 1368 2587 geschehen
1403 2543 1528 2577 wfirde.
1562 2564 1606 2568 —

926 2591 1058 2632 copiae,
1085 2589 1192 2622 Mittel
1217 2599 1258 2622 an
1276 2588 1366 2621 Krast
1392 2588 1458 2621 und
1473 2588 1603 2632 Menge.
