1732 2840
64 105 89 125 a.
109 98 160 125 Ch·
179 100 239 126 205.

526 86 650 119 LIBER
675 86 816 120 XXVlll.
864 86 957 120 CAP.
984 89 1037 121 43.

1405 85 1484 126 235

63 203 157 243 illud
190 215 262 243 nec
293 203 360 242 tibi
393 203 431 242 in
463 215 524 242 me
556 216 628 242 nec
658 203 750 241 mihi
786 204 823 242 in
856 202 1074 242 minoribns
1108 209 1198 242 natu
1222 203 1339 242 animi
1362 204 1423 250 sil,
1446 211 1486 243 ut
1508 208 1526 240 8

64 260 236 299 nolimus
267 271 499 312 quemquam
533 260 654 299 nostri
686 260 850 299 similem
874 260 1032 298 evadere
1054 259 1197 298 civem:
1220 261 1255 299 id
1279 260 1381 299 enim
1406 273 1486 300 non

63 329 200 357 eorum
222 317 351 363 modo,
375 316 517 368 quibus
539 316 810 363 inviderimus,
833 317 898 355 sed
920 317 975 355 rei
999 316 1177 368 publicae
1200 324 1235 355 et
1258 330 1381 369 paene
1404 330 1487 356 om-

64 374 124 413 nis
152 374 308 424 generis
339 374 497 412 humani
527 374 802 413 detrimentum
825 374 885 412 sit.

947 374 1275 421 commemoravit,
1298 381 1486 426 quantum
1508 379 1527 411 9

63 442 187 469 essem
210 430 373 482 periculi
391 431 578 477 aditurus,
601 431 631 469 si
651 431 687 468 in
708 431 874 469 Africam
893 430 1110 476 traicerem,
1130 437 1170 469 ut
1187 442 1311 469 meam
1330 443 1486 483 quoque

63 499 142 526 non
175 487 301 525 solum
333 487 386 526 rei
419 487 597 539 publicae
628 494 663 525 et
694 487 885 526 exercitus
914 487 1037 525 vicem
1068 487 1263 526 videretur
1283 487 1487 527 sollicitus.

62 544 167 582 unde
195 544 290 583 haec
314 550 483 595 >repente
515 556 604 583 cura
636 544 682 582 de
712 556 773 582 me
802 542 964 583 exorta?
1005 556 1093 582 cum
1117 550 1225 595 pater
1246 550 1488 596 patruusque
1511 549 1548 580 10

60 613 172 639 meus
192 600 401 645 interfecti,
425 613 512 639 cum
535 601 611 639 duo
635 602 826 639 exercitus
847 613 980 640 eorum
1003 613 1126 652 prope
1148 601 1350 639 occidione
1367 601 1487 640 occisi

63 664 205 704 essent,
220 669 307 696 cum
324 657 486 696 amissae
504 657 726 709 Hispaniae,
742 669 830 696 cum
853 664 1037 709 quattuor
1054 657 1246 696 exercitus
1263 653 1485 697 Poenorum

62 720 325 765 quattuorque
354 714 472 753 duces
505 715 634 754 omnia
666 722 770 753 metu
792 715 987 766 armisque
1008 720 1201 760 tenerent,
1223 726 1311 753 cum
1335 714 1487 766 quaesi·
1512 720 1545 752 11

60 777 123 809 tus
144 771 188 809 ad
212 770 248 809 id
270 770 415 809 bellum
438 771 650 823 imperator
668 784 781 810 nemo
800 784 840 810 se
857 771 1079 810 ostenderet
1100 777 1254 822 praeter
1275 783 1349 817 me,
1372 783 1485 810 nemo

61 827 234 879 profiteri
267 839 384 866 ausus
413 835 532 873 esset,
565 840 654 866 cnm
684 828 777 867 mihi
809 834 992 880 quattuor
1021 835 1056 866 et
1086 840 1132 866 xx
1161 840 1286 866 annos
1309 834 1398 866 nato
1421 829 1486 867 de-

60 883 211 923 tulisset
233 884 440 936 imperium
465 885 636 936 populus
657 884 857 924 Romanus
879 907 932 912 -
955 885 1046 936 quid
1069 885 1118 923 ita
1140 891 1221 923 tum
1245 896 1359 923 nemo
1382 890 1486 923 aeta·
1510 888 1547 920 12

59 946 136 979 tem
168 953 292 980 meam
307 971 315 984 ,
337 942 411 979 vim
434 942 620 988 hostium,
643 942 908 980 difficultatem
930 940 1034 987 belli,
1057 941 1177 992 patris
1199 941 1405 992 patruique
1426 953 1486 980 re·

61 1003 213 1036 centem
245 998 391 1036 cladem
431 997 790 1037 commemorabat?
822 1005 951 1036 utrum
982 998 1104 1036 maior
1141 997 1268 1049 aliqua
1306 1010 1412 1036 nunc
1448 998 1486 1036 in

19 1086 23 1089 .
59 1053 188 1092 Africa
219 1054 413 1093 calamitas
443 1061 599 1106 accepta
631 1062 702 1101 est,
736 1066 850 1106 quam
882 1061 976 1093 tunc
1008 1054 1046 1092 in
1079 1053 1265 1105 Hispania
1296 1052 1407 1093 erat?
1437 1067 1485 1093 an
1509 1060 1545 1092 13

60 1111 226 1149 maiores
256 1123 362 1149 nunc
393 1118 483 1150 sunt
507 1111 698 1150 exereitus
719 1111 758 1150 in
782 1111 909 1150 Africa
933 1117 969 1149 et
990 1111 1109 1149 duces
1130 1111 1263 1162 plures
1284 1111 1488 1150 meliores-

58 1267 204 1298 pera7·e‚
230 1266 255 1289 s.
284 1255 361 1288 Tac.
388 1257 468 1299 Agr.
493 1258 535 1290 42
562 1262 662 1290 extr.:
698 1268 735 1289 eo

60 1301 177 1334 laudis
202 1301 380 1334 accedere.
406 1321 450 1325 —-
476 1302 577 1342 illud,
604 1302 656 1334 die
682 1302 736 1345 §5

59 1347 233 1380 erwahnte
266 1346 477 1390 Gesinnung,
515 1347 574 1380 der
610 1347 738 1381 Grund-

58 1397 148 1430 satz;
190 1391 354 1425 vielmehr
393 1393 505 1426 miisse
541 1393 600 1425 der
635 1394 738 1425 altere

59 1438 144 1470 auch
170 1438 244 1469 dem
265 1438 433 1480 jiingeren
459 1438 580 1471 Manne
613 1442 739 1480 gestat-

59 1488 128 1525 ten,
140 1483 218 1516 dass
232 1493 267 1515 er
280 1483 335 1516 ihn
350 1494 391 1516 zu
407 1482 603 1516 fibertreffen
616 1484 739 1517 strebe.

58 1548 102 1552 —
126 1539 190 1560 nec
215 1547 241 1551 —-
267 1539 340 1570 nec,
368 1530 422 1569 29,
450 1530 502 1569 18,
528 1531 565 1565 9;
593 1529 681 1561 Curt.
708 1533 739 1565 5,

59 1575 114 1615 35,
140 1577 175 1608 5:
212 1574 439 1606 conclamant
469 1594 495 1597 —
527 1585 590 1606 nec
625 1575 739 1606 labori

59 1630 122 1651 nec
152 1619 313 1661 periculo
344 1623 527 1660 parcere&
565 1618 625 1652 das
666 1619 738 1652 hds.

59 1674 123 1696 nec
148 1683 174 1687 —
204 1674 273 1695 neu
304 1664 347 1696 ist
371 1664 568 1697 schwerlich
605 1675 644 1696 zu
678 1665 739 1697 bil-

58 1710 168 1752 ligen‚
198 1708 240 1741 da
274 1709 380 1742 selbst
410 1709 462 1741 bei
488 1709 643 1742 Dichtern
678 1710 736 1742 mit

59 1765 123 1787 nec
136 1773 163 1778 —-
177 1765 245 1786 nen
271 1754 485 1797 gewfihnlich
505 1764 610 1797 ganze
628 1754 736 1796 satze,

60 1799 151 1833 nicht
175 1800 240 1832 wie
267 1810 306 1832 an
334 1810 365 1832 u.
392 1799 440 1833 St.
459 1800 641 1833 Satztheile
667 1811 739 1833 ver-

58 1845 192 1878 bunden
218 1846 374 1885 werden3
402 1845 482 1878 iiber
506 1856 569 1878 uec
586 1846 647 1878 mit
663 1846 739 1879 dem

59 1891 238 1931 Conjunct.
264 1901 289 1924 s.
317 1894 348 1932 5,
365 1892 419 1929 53,
439 1893 473 1932 33
501 1893 532 1931 9,
548 1893 631 1932 9,‘a;
659 1891 738 1924 Tae.

57 1935 140 1968 Dial.
170 1937 220 1977 13,
252 1936 320 1979 vgl.
349 1945 391 1969 zu
418 1938 471 1977 35,
495 1939 551 1977 4⁵5,
577 1938 607 1970 9.
633 1956 676 1960 -
701 1939 739 1969 in

57 1983 235 2020 minor-ib„
258 1981 328 2024 vgl.
355 1983 408 2024 26,
435 1983 465 2022 2,
495 1985 555 2021 15,
581 1985 612 2022 5,
635 1984 738 2023 36,9:

59 2037 103 2058 ne
128 2026 330 2059 decerneret
342 2030 379 2058 in
406 2030 526 2060 tantae
541 2028 739 2060 nobilitatis

57 2073 162 2110 vz'ris,·
191 2069 269 2104 Sall.
288 2073 366 2113 C.9,
382 2074 416 2105 2:
443 2075 480 2104 in
507 2075 629 2105 amicis
653 2073 737 2112 fide-

60 2118 118 2149 les.

105 2163 227 2195 9—16.
261 2160 325 2194 Der
355 2161 454 2205 Krieg
486 2163 518 2195 in
552 2162 662 2195 Africa
695 2163 739 2196 ist

59 2207 210 2250 weniger
234 2206 417 2248 gefahrlich
441 2208 491 2241 als
505 2208 562 2241 der
574 2208 607 2240 in
621 2208 738 2251 Hispa-

61 2253 149 2293 nien‚
174 2261 281 2295 gegen
309 2262 336 2284 c.
362 2254 416 2294 42,
442 2255 461 2287 6
482 2253 514 2286 ff.
535 2273 580 2278 —
602 2264 739 2296 qnoque

59 2317 86 2321 —
111 2308 183 2330 non
208 2307 234 2330 s.
261 2298 359 2337 9‚38‚
378 2299 428 2337 12,
453 2299 521 2342 vgl.
547 2308 575 2332 c.
600 2302 655 2338 40,
686 2300 738 2332 13.

57 2361 103 2367 —
128 2342 272 2383 curade,
297 2344 350 2382 27,
375 2344 430 2383 36,
460 2347 492 2381 1;
518 2346 550 2386 2,
575 2347 629 2384 31,
648 2347 736 2378 ἵ.-

60 2399 156 2427 cum,
186 2388 240 2420 die
264 2387 440 2430 Anaphen
473 2399 499 2422 s.
528 2392 580 2431 10,
604 2391 658 2430 24,
687 2392 737 2429 14,

59 2433 103 2466 ist
123 2444 166 2466 zu
186 2432 368 2470 beachtem
392 2433 516 2467 ebenso
537 2435 556 2476 ξ
574 2437 612 2469 13
626 2435 649 2468 f.
680 2445 737 2473 an,

60 2488 86 2512 s.
119 2480 172 2520 21,
201 2480 252 2519 10,
277 2480 314 2516 6;
346 2478 412 2511 Cic.
446 2480 516 2512 Att.
553 2483 579 2519 1,
614 2482 667 2517 ῙἾ,
701 2482 735 2514 6;

59 2534 92 2567 p.
117 2523 211 2557 Balb.
237 2525 291 2563 23,
317 2526 360 2558 54
384 2524 451 2556 und
477 2524 497 2567 ξ
527 2527 565 2558 15
591 2529 738 2567 post.—

0 1191 1 1195 =
61 1179 158 1219 que,
191 1179 305 1219 quam
337 1174 430 1207 tunc
460 1168 499 1206 in
524 1167 711 1219 Hispania
734 1166 921 1206 suerunt?
943 1180 990 1207 an
1013 1174 1116 1206 aetas
1138 1180 1222 1207 mea
1243 1174 1339 1206 tunc
1361 1174 1487 1206 matu·

808 1261 988 1299 quattuor,
1004 1257 1244 1297 s.§14;c.38,
1257 1258 1489 1290 3.—amz's·sae

807 1303 861 1342 H„
888 1312 915 1334 s.
942 1312 970 1335 c.
989 1303 1069 1338 1.2;
1096 1312 1154 1334 zur
1178 1301 1285 1334 Sache
1311 1303 1487 1342 26‚41,5;

807 1347 850 1381 ib.
881 1350 930 1388 17,
949 1350 980 1381 4.
1006 1366 1042 1371 -
1075 1350 1263 1390 quaesitus,
1290 1346 1329 1379 da
1357 1347 1405 1380 als
1430 1346 1488 1380 der

808 1393 980 1436 gesuchte,
996 1393 1215 1435 (ungeachtet
1229 1392 1313 1425 alles
1323 1391 1488 1433 Suchens)

807 1458 834 1462 -
860 1438 1016 1471 niemand
1043 1449 1126 1471 nsw.
1164 1440 1378 1479 imperalor,
1411 1438 1488 1470 weil

808 1493 843 1516 er
869 1494 947 1516 cum
972 1486 1120 1525 imperio
1139 1483 1188 1516 als
1203 1483 1388 1516 Proconsul
1403 1483 1488 1516 nach

809 1528 954 1571 Spanien
982 1529 1090 1572 gehen
1115 1529 1224 1562 sollte.
1249 1548 1292 1552 -—
1318 1529 1405 1570 quid
1437 1531 1487 1561 ila

809 1575 890 1616 geht
915 1574 972 1606 aus
995 1574 1015 1616 ξ
1045 1577 1082 1608 10
1109 1575 1203 1606 unde
1226 1574 1367 1607 zuriick:
1402 1574 1488 1606 nach

807 1620 902 1659 dem,
945 1630 1015 1652 was
1053 1620 1165 1652 frfiher
1201 1619 1391 1661 geschehen
1433 1619 1487 1660 ist,

808 1665 900 1697 hatte
932 1665 1018 1697 auch
1047 1666 1134 1705 jetzt
1169 1665 1243 1697 eine
1278 1663 1489 1705 Besorgniss,

807 1709 885 1743 dass
911 1710 963 1742 ich
988 1710 1075 1743 mich
1102 1720 1141 1742 zu
1162 1719 1301 1752 grosseti
1322 1709 1487 1742 Gesahren

808 1760 980 1796 aussetze,
1005 1756 1036 1787 in
1064 1755 1122 1787 der
1145 1756 1224 1795 Art,
1254 1755 1318 1787 wie
1343 1755 1391 1787 sie
1416 1754 1486 1788 sich

808 1801 898 1843 zeigt
924 1802 1013 1841 (ita),
1038 1800 1130 1833 nicht
1155 1799 1353 1833 stattfinden
1368 1800 1488 1840 sollen,

808 1856 833 1879 s.
861 1848 915 1887 27,
942 1848 995 1886 34,
1026 1847 1076 1879 13.
1101 1865 1145 1870 —
1170 1856 1269 1877 nemo
1292 1864 1314 1867 —
1343 1856 1487 1877 comme-

807 1902 907 1933 mor„
933 1901 960 1924 s.
986 1893 1039 1929 26,
1070 1893 1119 1931 18,
1150 1894 1258 1925 10.—-
1279 1895 1399 1923 ulrum
1424 1891 1489 1924 soll

809 1936 901 1969 nicht
925 1936 984 1969 das
1010 1937 1104 1969 Erste
1130 1936 1179 1970 als
1206 1937 1354 1979 weniger
1378 1935 1487 1969 wahr-

808 1982 992 2016 scheinlich
1055 1982 1278 2022 bezeichnen,
1340 1981 1487 2014 sondern

807 2032 928 2060 ulrum
954 2047 980 2051 —
1007 2038 1054 2059 an
1079 2046 1102 2049 —
1133 2038 1178 2059 an
1211 2027 1294 2059 lasst
1327 2036 1389 2058 nur
1421 2027 1487 2059 iro-

807 2073 902 2106 nisch
928 2072 982 2105 die
1000 2072 1112 2112 Wahl,
1137 2072 1197 2105 das
1223 2072 1296 2104 eine
1322 2071 1403 2104 oder
1427 2081 1486 2104 an-

807 2118 886 2151 dere
901 2118 1142 2157 anzunehmen,
1170 2118 1239 2157 srei,
1259 2116 1418 2150 wahrend
1434 2116 1488 2149 die

808 2164 905 2196 Form
931 2162 989 2195 der
1014 2163 1104 2195 Rede
1130 2162 1193 2195 alle
1220 2162 1393 2195 einzelnen
1418 2163 1488 2194 An-

809 2209 952 2241 nahmen
964 2208 1013 2240 als
1024 2207 1228 2240 unstatthast
1243 2206 1488 2245 zurfickweist;

807 2254 868 2286 mit
892 2253 1092 2286 scharferem
1116 2252 1295 2286 Ausdruck
1319 2252 1377 2285 der
1390 2251 1487 2286 Miss-

807 2299 973 2342 billigung
987 2298 1078 2331 hatte
1092 2303 1175 2331 statt
1193 2303 1312 2330 ulrum
1333 2297 1419 2330 auch
1440 2308 1487 2330 an

807 2344 925 2377 stehen
951 2343 1103 2384 konnen,
1137 2343 1206 2386 vgl.
1232 2346 1263 2381 4,
1290 2345 1320 2382 3,
1349 2345 1407 2381 16;
1433 2344 1486 2381 21,

807 2392 862 2429 41,
887 2391 1003 2429 5;40,
1031 2391 1082 2429 15,
1112 2391 1151 2422 14
1181 2400 1211 2421 u.
1237 2398 1266 2420 a.
1298 2407 1342 2412 —
1374 2391 1413 2420 in
1446 2389 1485 2420 H.

809 2439 896 2475 erat,
923 2446 954 2467 n.
981 2438 1141 2475 accepta,
1175 2435 1248 2467 eine
1277 2433 1485 2476 ungewohn-

808 2479 894 2512 liche
919 2479 1036 2512 Kiirze.
1052 2498 1094 2502 —
1113 2484 1190 2510 erat
1203 2498 1229 2502 —
1243 2478 1401 2518 fuerunt,
1427 2478 1486 2511 ob-

809 2524 917 2567 gleich
953 2524 1006 2557 die
1043 2523 1272 2558 Verhaltnisse
1312 2523 1484 2557 dieselben
