1732 2840
135 842 185 879 34

200 99 281 140 168

198 218 301 257 xime
322 229 446 256 cornu
467 220 720 262 verterentur,
744 214 898 253 Mauros
918 226 962 253 ac
978 213 1176 254 Numidas.
1215 215 1362 254 addidit
1382 214 1494 254 facile
1516 213 1630 254 Masi-

202 274 305 314 nissa
334 272 526 325 perculsis
555 277 766 318 terrorem,
798 271 1033 322 nudavitque
1054 271 1101 310 ab
1123 283 1166 311 ea
1187 278 1296 324 parte
1317 272 1439 311 aciem
1461 271 1631 323 equestri

143 338 179 370 14
200 329 355 371 auxilio.
398 341 543 381 paucae
561 333 688 367 tamen
706 327 918 367 bestiarum
935 327 1150 379 intrepidae
1167 328 1207 367 in
1229 329 1381 367 hostem
1401 333 1510 368 actae
1530 327 1633 368 inter

201 387 360 426 velitum
393 385 550 424 ordines
579 397 668 424 cum
698 384 830 423 multis
860 384 940 423 suis
969 383 1197 424 vulneribus
1226 385 1427 436 ingentem
1462 390 1632 436 stragem

144 452 181 483 15
203 442 380 483 edebant.
422 441 639 481 resilientes
668 441 772 480 enim
798 441 844 480 ad
874 441 1098 493 manipulos
1126 442 1283 489 velites,
1314 454 1401 481 cum
1431 441 1530 481 viam
1553 441 1633 481 ele—

203 499 382 552 phantiS,
416 511 464 537 ne
487 498 772 546 obtererentur,
793 497 990 546 fecissent,
1011 497 1051 536 in
1073 498 1263 550 ancipites
1284 498 1330 537 ad
1351 498 1472 538 ictum
1492 498 1634 538 utrim-

144 563 180 597 16
202 568 278 608 que
293 555 541 595 coniciebant
561 556 701 602 hastas,
723 567 796 594 nec
817 554 895 606 pila
914 554 963 594 ab
983 555 1250 605 antesignanis
1271 554 1488 604 cessabant,
1509 555 1635 594 donec

203 613 377 664 undique
394 611 657 651 incidentibus
672 611 759 651 telis
776 611 898 650 exacti
916 623 961 650 ex
976 610 1151 650 Romana
1166 612 1247 651 acie
1265 611 1302 651 hi
1323 623 1481 663 quoque
1501 612 1540 650 in
1562 623 1634 650 suo

203 669 338 708 dextro
375 680 498 708 cornu
534 669 641 720 ipsos
672 667 1051 719 Carthaginiensium
1087 668 1238 720 equites
1274 669 1312 707 in
1351 669 1481 719 fugam
1509 673 1635 708 verte-

364 725 519 764 Laelius
555 730 597 764 ut
631 725 808 764 turbatos
848 725 943 764 vidit
978 724 1124 771 hostis,
1160 725 1307 765 addidit
1336 725 1527 777 perculsis
1557 730 1636 764 ter-

203 731 306 765 runt

204 793 346 822 rorem.

320 838 523 890 Utrimque
549 838 692 877 nudata
713 838 844 889 equite
866 843 946 877 erat
966 837 1113 876 Punica
1134 837 1257 885 acies,
1291 849 1379 876 cum
1400 837 1520 890 pedes
1541 850 1638 877 con-

206 895 349 940 currit,
381 907 454 934 nec
484 908 553 947 spe
586 907 659 934 nec
687 895 833 934 viribus
862 895 937 933 iam
968 906 1050 946 par.
1091 894 1137 933 ad
1170 895 1244 933 hoe
1276 894 1380 933 dictu
1403 906 1540 946 parva,
1569 894 1638 933 sed

205 963 346 1004 magna
376 952 509 991 eadem
537 951 576 990 in
598 963 642 990 re
663 952 832 1002 gerenda
853 956 1073 998 momenta,
1106 962 1330 1001 congruens
1352 950 1497 990 clamor
1517 963 1538 990 a
1559 950 1638 989 Ro-

208 1051 382 1084 bisweilen
402 1051 486 1083 wird
500 1051 576 1084 dem
591 1051 725 1084 Ganzen
741 1051 793 1084 ein
810 1051 888 1084 Pra-

208 1096 299 1129 dicat
323 1096 512 1138 beigelegt‚
547 1096 692 1129 welches
729 1107 790 1129 nur
821 1107 888 1129 von

209 1141 284 1174 dem
311 1143 487 1184 grosseren
514 1141 630 1174 Theile
656 1141 730 1184 gilt,
756 1152 785 1174 s.
809 1141 889 1183 Nip

210 1186 337 1230 perdey
362 1197 403 1218 zu
429 1185 739 1225 Pac.Ann.1,17;
767 1186 887 1238 Polyb.

210 1243 238 1264 c.
256 1233 296 1264 12
322 1236 400 1283 sagt
424 1241 486 1263 nur
510 1229 590 1264 τινὰ
608 1232 712 1274 μὲν-
730 1232 808 1264 τῶν
821 1231 889 1272 θη-

211 1289 302 1322 ριων
339 1272 483 1320 ὥρμησε
518 1274 725 1309 παλίσσυτοι
758 1280 821 1310 etc.
846 1296 890 1300 —

210 1323 367 1363 smistro,
392 1332 437 1355 m.
453 1333 479 1354 c.
506 1321 638 1355 scheint
661 1321 836 1354 attributiv
850 1332 892 1354 zu

210 1378 293 1399 snos
318 1377 359 1399 zu
384 1366 520 1400 stehen:
555 1368 713 1399 maxime
738 1378 805 1406 eos,
831 1377 892 1408 quz

210 1432 238 1436 —
265 1415 378 1451 erant,
405 1412 473 1455 vgl.
500 1414 520 1454 ς
550 1414 600 1452 16,
629 1422 682 1445 wo
714 1415 750 1444 in
776 1412 893 1445 hinzu-

212 1457 330 1501 gefiigt
356 1456 408 1490 ist.

261 1505 347 1536 14—
353 1504 404 1535 16.
431 1511 579 1555 paucae,
604 1512 629 1535 s.
648 1503 744 1545 §163
771 1502 893 1556 Polyb).

211 1546 257 1580 τὰ
281 1548 346 1585 μὲν
372 1544 495 1586 λοιπα;
534 1547 619 1590 App.
645 1558 673 1579 (3.
698 1528 759 1581 43'.
794 1546 830 1580 οἱ
854 1543 890 1580 δ’

213 1595 253 1625 ὲν
277 1594 367 1645 μέση
381 1593 425 1639 τῇ
439 1590 595 1645 φάλλαγι
611 1603 693 1626 τους
705 1589 894 1635 Ρωμαίων

214 1635 342 1679 πεζοὺς
358 1635 588 1672 κατεπάτουν
602 1642 666 1671 etc.
680 1657 724 1661 —
739 1649 780 1670 ον
783 1638 894 1678 dines,

214 1690 252 1717 so
276 1683 376 1727 lange
401 1683 456 1716 die
470 1683 542 1716 Vel.
568 1694 629 1716 vor
647 1683 705 1716 der
718 1683 894 1716 Schlacht—

213 1729 305 1762 reihe
338 1728 474 1766 stehen;
507 1728 593 1761 auch
624 1728 787 1771 Polybius
820 1739 848 1761 c.
874 1730 893 1762 9

213 1778 292 1816 sagt
314 1771 582 1819 γροσφομάχων
607 1776 841 1819 σπείραις,
867 1784 895 1806 3.

214 1820 234 1861 ξ
260 1821 293 1860 3,
318 1821 437 1852 nimmt
462 1818 533 1852 also
558 1805 896 1852 besondereAbthei—

214 1864 360 1907 lungen‚
392 1863 559 1907 Manipel,
590 1864 649 1896 der
674 1863 807 1897 Veliten
841 1874 894 1896 an.

215 1909 306 1942 Nach
333 1909 400 1941 ihm
427 1909 549 1951 eisolgt
568 1909 626 1942 der
639 1908 762 1952 Kampf
785 1910 823 1940 ἐν
840 1908 895 1950 τῷ

214 1953 350 1998 μεταξὺ
379 1957 501 2005 χωριῳ
536 1954 613 1987 τῶν
643 1951 895 1999 παραταξεων,

216 2000 257 2033 da
276 1999 330 2033 die
344 1999 477 2032 Veliten
491 1999 696 2043 vorgeriickt
712 1999 798 2040 sind,
824 2008 896 2031 was

216 2045 251 2078 L.
278 2056 315 2077 m
342 2045 547 2086 reszlientes,
574 2045 727 2086 wie§3:
753 2044 895 2086 refuge-

217 2095 298 2123 rent
321 2100 383 2123 nur
407 2089 533 2123 dunkel
558 2090 784 2123 andeutet.-—
805 2091 897 2121 enim

218 2135 295 2168 weil
321 2135 379 2168 der
403 2134 480 2168 Satz
506 2134 566 2168 das
591 2134 791 2177 vorhergeh.
819 2145 897 2167 cum

218 2181 338 2213 multis
362 2191 388 2213 3.
416 2181 619 2212 vulneribus
645 2180 796 2213 erklaren
823 2179 897 2213 soll.

219 2245 263 2250 —
288 2227 477 2268 ancipites,
515 2225 598 2258 nach
633 2225 754 2258 beiden
784 2225 898 2258 Seiten

219 2270 277 2304 hin
307 2290 334 2294 —
369 2274 571 2314 ausgesetzt.
605 2290 649 2295 —-
679 2272 799 2302 hastas
830 2280 899 2302 von

220 2315 285 2349 den
312 2316 452 2355 Veliten,
478 2326 504 2349 s.
531 2318 584 2353 26,
602 2318 635 2357 4,
653 2318 689 2355 4;
715 2325 774 2348 zur
791 2315 899 2348 Sache

219 2361 483 2439 }.{¹1·23⁷;„²‘{1’.{·
503 2362 642 2439 ..tzar
654 2361 898 2439 33-αέὤέ

220 2452 325 2492 sign„
351 2451 422 2484 hier
446 2451 607 2484 Hastaten
631 2451 700 2483 und
714 2450 898 2493 Principes,

223 2497 254 2538 8,
269 2497 299 2536 8,
315 2498 330 2527 7
360 2496 567 2539 antepilani.
584 2514 623 2520 —
639 2496 796 2538 undique
813 2495 898 2528 auch

221 2550 289 2573 von
315 2539 379 2572 den
404 2541 555 2583 Veliten,
581 2540 634 2575 die
659 2541 729 2574 sich
755 2540 898 2573 zurfick-

638 101 761 134 LIBER
785 100 886 134 XXX.
935 100 1028 135 CAP.
1054 102 1108 134 33.
1135 103 1188 135 34.

1473 117 1498 137 a.
1520 117 1548 137 u.
1567 111 1627 138 552.

959 1060 1110 1093 gezogen
1137 1051 1258 1084 haben.
1284 1070 1327 1074 —
1353 1053 1491 1090 exacti,
1515 1050 1638 1093 Polyb.

958 1095 1226 1129 unterscheidet:
1252 1093 1297 1129 τὰ
1319 1097 1386 1139 μὲν
1401 1093 1459 1128 διὰ
1473 1095 1550 1129 τῶν
1564 1093 1638 1128 ὃια-

959 1138 1157 1183 στιγμάτων
1185 1140 1330 1180 ἐξέπεσε
1364 1141 1497 1181 (kamen
1532 1141 1640 1174 hinter

960 1186 1013 1219 die
1026 1188 1109 1219 rom.
1125 1186 1374 1226 Schlachtlinie,
1394 1187 1504 1219 Front.
1525 1190 1641 1218 trans-

959 1233 1066 1271 mitti)
1093 1251 1116 1254 —
1144 1229 1188 1263 τὰ
1223 1228 1261 1264 δε
1285 1233 1346 1265 επὶ
1370 1229 1411 1264 τὸ
1438 1229 1555 1271 δεξιὸν
1581 1233 1640 1274 με’-

960 1287 1017 1321 ρος
1034 1273 1251 1329 παραφυγόπ
1254 1289 1310 1316 τα,
1328 1273 1388 1309 διὰ
1404 1277 1482 1309 τῶν
1496 1275 1641 1310 ἱππέων

962 1318 1312 1363 συνακοντιζόμενα,
1353 1319 1451 1354 τέλος
1490 1332 1537 1354 εις
1576 1320 1642 1354 τὸν

961 1365 1032 1405 ἔξω
1058 1364 1173 1399 τόπον
1198 1367 1274 1400 τῶν
1292 1364 1555 1411 στρατοπέδων
1571 1366 1642 1406 ὲξέ-
1690 1374 1691 1378 ’

963 1422 1090 1450 πεσενς
1118 1411 1178 1444 das
1194 1412 1323 1445 Erstere
1350 1412 1454 1444 hatL.
1480 1412 1572 1445 nicht
1584 1413 1641 1445 be-

963 1456 1104 1490 sonders
1130 1457 1294 1490 erwiihnt.
1318 1476 1361 1481 —
1387 1458 1426 1490 ln·
1449 1468 1552 1499 quoq.
1578 1461 1642 1490 etc.

963 1502 995 1534 in
1022 1501 1138 1545 Bezug
1162 1502 1262 1543 aus§
1290 1504 1341 1536 13.
1374 1521 1415 1527 —
1448 1505 1487 1535 in
1516 1503 1642 1545 fugam

964 1551 1157 1590 verterunt,
1182 1558 1209 1580 3.
1234 1548 1254 1589 ξ
1285 1549 1334 1581 13.

1008 1590 1070 1627 34.
1110 1594 1170 1626 1-
1176 1594 1208 1625 2.
1244 1593 1368 1635 pedes,
1413 1592 1467 1624 die
1510 1592 1643 1626 Veliten

964 1637 1073 1670 haben
1105 1648 1167 1670 nur
1199 1648 1308 1681 gegen
1347 1637 1400 1670 die
1427 1637 1642 1692 Elephanten

964 1682 1161 1737 gefochten3
1187 1684 1276 1726 App.
1292 1694 1319 1716 c.
1332 1685 1393 1716 44.
1419 1678 1438 1715 ὁ
1454 1679 1556 1728 ἀγών
1574 1683 1642 1738 ἐγί-

962 1739 1069 1772 γνετο
1100 1726 1227 1771 μόνων
1261 1725 1408 1774 ἀνδρῶν
1437 1740 1478 1761 τε
1500 1730 1560 1761 καὶ
1589 1728 1644 1762 ἴπ-

964 1784 1058 1807 πων.
1073 1774 1178 1805 —ad
1203 1774 1279 1815 lzoc,
1305 1784 1334 1807 c..
1354 1775 1408 1814 32,
1424 1775 1441 1806 7
1468 1773 1560 1806 steht
1575 1773 1646 1806 hier

967 1822 1073 1851 etwas
1100 1818 1174 1851 hart
1198 1819 1286 1852 ohne
1314 1818 1471 1860 Verbum,
1494 1819 1564 1861 vgl.
1590 1820 1643 1861 21,

963 1866 1018 1904 40,
1033 1865 1070 1896 9;
1097 1864 1144 1895 ad
1168 1865 1233 1896 hoe
1255 1866 1418 1906 praeusti
1442 1867 1542 1895 artus
1559 1867 1643 1902 ete.;

965 1911 996 1950 6,
1018 1910 1068 1949 11,
1087 1911 1128 1942 6:
1153 1909 1202 1940 ad
1226 1910 1291 1941 hoc
1316 1910 1401 1941 vitio
1428 1910 1567 1950 ingenii
1589 1919 1644 1941 ve-

965 1954 1105 1985 hemens
1130 1964 1162 1986 u.
1177 1963 1206 1986 a.
1236 1972 1274 1977 —
1302 1954 1400 1986 dictu
1423 1964 1549 1996 parva,
1574 1954 1643 1998 vgl.

965 2000 1021 2040 26,
1049 2000 1100 2040 11,
1126 2001 1166 2032 5:
1195 2009 1309 2040 parva
1344 2008 1545 2041 magnaque
1569 2010 1646 2040 res;

966 2046 1021 2084 25,
1048 2045 1099 2085 18,
1117 2045 1154 2077 3:
1178 2054 1295 2086 parva
1321 2054 1396 2076 una
1421 2055 1498 2077 res.-
1523 2044 1585 2076 sed
1607 2046 1646 2076 in

968 2089 1055 2121 bello
1080 2089 1173 2121 nihil
1197 2093 1269 2121 tam
1287 2089 1359 2121 leve
1376 2093 1436 2131 est,
1463 2089 1558 2132 quod
1572 2099 1645 2122 non

966 2144 1119 2176 magnae
1144 2135 1323 2167 interdum
1355 2136 1410 2166 rei
1433 2138 1646 2167 momentum

966 2179 1101 2219 Γαθέαις
1126 2180 1180 2221 27,
1209 2182 1261 2221 15,
1287 2181 1319 2213 9.
1356 2183 1544 2221 momenta,
1574 2179 1644 2223 vgl.

967 2227 1021 2263 27,
1046 2226 1100 2263 45,
1126 2226 1164 2266 5;
1198 2226 1251 2265 29,
1284 2227 1338 2265 23,
1364 2226 1400 2257 2;
1431 2235 1583 2267 parvum
1616 2242 1646 2248 -

966 2273 1200 2310 momentum5
1226 2272 1280 2310 28,

967 2319 1189 2347 momentum.
1246 2314 1432 2357 Uebrigeus
1469 2314 1553 2347 wird
1586 2315 1647 2347 mit

967 2359 1044 2393 dem
1092 2360 1242 2403 weniger
1281 2359 1517 2393 bedeutenden
1565 2370 1646 2392 con-

965 2415 1100 2447 gruens
1126 2405 1271 2445 clamor,
1297 2405 1364 2448 vgl.
1389 2406 1422 2445 4,
1447 2407 1501 2446 37,
1526 2406 1558 2442 9,
1585 2404 1645 2437 das

967 2450 1048 2483 weit
1088 2450 1282 2493 wichtigere
1322 2449 1472 2483 Moment
1509 2449 1646 2482 stabilis

965 2505 1089 2538 pugna
1115 2495 1208 2528 nicht
1232 2505 1317 2538 ganz
1341 2494 1487 2538 passend
1516 2504 1647 2527 zusam-

967 2540 1183 2583 mengefasst.
1230 2540 1362 2573 Andere
1394 2539 1487 2573 lesen
1521 2541 1648 2582 magni

1309 2271 1361 2310 17,
1390 2271 1449 2304 10:
1475 2279 1646 2311 magnum
1707 2288 1725 2322 ⁷.
