1732 2840
123 128 148 148 a.
168 121 219 149 Cb.
236 122 295 149 207.

586 110 709 144 LIBER
733 110 862 144 XXVII.
910 111 1002 145 CAP.
1027 114 1082 146 42.

1471 110 1549 149 107

122 237 254 276 pugna
286 225 430 272 suerat,
464 229 649 275 quattuor
680 226 824 274 occisi,
854 225 930 265 duo
958 227 1073 278 capti.
1115 225 1217 264 circa
1238 238 1260 263 1)
1283 225 1549 265 Romanorum
1570 233 1589 265 8

122 282 399 332 sociorumque
416 281 578 320 victores
591 282 828 321 ceciderunt.
862 288 1020 334 postero
1039 283 1100 321 die
1112 281 1271 321 Poenus
1289 282 1452 333 quievit:
1472 282 1551 321 Ro-

121 350 260 377 manus
282 337 321 376 in
353 337 472 376 aciem
504 337 628 389 copiis
657 338 806 377 eductis
837 344 1042 390 postquam
1067 338 1261 378 neminem
1284 338 1394 390 signa
1417 344 1551 378 contra

121 395 258 434 efferre
289 394 402 442 vidit,
435 394 559 445 spolia
592 394 668 444 legi
699 407 900 435 caesorum
931 395 1102 434 hostium
1125 400 1163 433 et
1190 407 1352 434 suorum
1384 407 1550 447 corpora

119 450 270 489 conlata
302 451 341 489 in
371 463 495 490 unum
526 451 682 502 sepeliri
720 451 843 490 iussit.
894 452 984 490 inde
1018 451 1318 502 insequentibus
1351 452 1550 492 continuis
1571 458 1591 490 9

120 507 256 546 diebus
277 507 426 558 aliquot
446 507 496 546 ita
518 507 658 546 institit
679 509 815 558 portis,
838 513 881 547 ut
903 520 1028 559 prope
1049 507 1196 547 inferre
1212 507 1321 558 signa
1339 508 1548 557 videretur,

121 563 451 602 donecllannibal
467 563 577 603 tertia
590 563 716 614 vigilia
735 564 882 603 crebris
899 564 1056 615 ignibus
1072 564 1428 615 tabernaculisque,
1451 577 1550 616 quae
1573 572 1609 603 10

119 632 209 671 pars
231 627 448 659 castrorum
470 620 515 658 ad
538 620 660 659 hostis
677 620 869 671 vergebat,
894 627 930 659 et
946 620 1122 660 Numidis
1139 620 1288 671 paucis,
1307 621 1373 672 qui
1394 621 1434 660 111
1451 621 1549 660 vallo

118 676 322 727 portisque
343 689 384 715 56
404 676 671 725 ostenderent,
694 677 841 716 relictis
856 678 1057 728 profectus
1074 677 1254 728 Apuliam
1271 682 1404 728 petere
1421 677 1548 717 inten-

118 733 184 772 dit.
227 732 293 772 ubi
324 733 483 780 inluxit,
514 733 705 772 successit
734 733 831 772 vallo
857 734 1031 773 Romana
1061 733 1185 780 acies,
1217 738 1254 772 et
1281 733 1470 773 Numidae
1504 747 1548 773 ex
1572 741 1605 772 11

117 789 335 840 composito
353 789 553 841 paulisper
570 790 608 828 in
627 790 751 841 portis
767 802 808 829 se
824 790 1002 841 valloque
1020 796 1274 838 ostentavere,
1293 790 1549 841 frustratique

116 845 353 897 aliquamdiu
375 846 498 885 hostis
521 846 645 885 citatis
667 846 778 897 equis
796 858 934 897 agmen
951 859 1113 886 suorum
1136 846 1420 896 adsequuntur.
1452 859 1548 886 con·
1573 853 1608 885 12

117 902 177 941 sul
199 902 265 941 ubi
287 902 486 942 silentium
510 902 549 941 in
574 903 710 942 castris
733 909 770 941 et
794 915 842 942 ne
864 915 1010 954 paucos
1033 903 1203 953 quidem,
1225 902 1293 953 qui
1314 902 1438 953 prima
1460 902 1548 942 luce

117 958 470 1005 obambulaverant,
488 965 597 1010 parte
615 959 690 998 ulla
708 959 903 1005 cernebat,
922 959 1074 998 duobus
1090 958 1288 1009 equitibus
1303 959 1548 1009 speculatum

117 1014 155 1053 in
186 1022 309 1054 castra
342 1015 566 1067 praemissis
596 1021 802 1066 postquam
827 1016 920 1054 satis
942 1021 1023 1054 tuta
1045 1015 1173 1053 omnia
1198 1027 1282 1054 esse
1305 1015 1548 1066 exploratum

67 1099 72 1102 -
117 1078 194 1120 est,
218 1071 351 1110 inferri
375 1071 484 1122 signa
506 1071 640 1110 iussit:
672 1077 900 1122 tantumque
921 1071 973 1110 ibi
996 1076 1191 1118 moratus,
1223 1071 1313 1110 dum
1337 1071 1479 1111 milites
1500 1072 1546 1111 ad
1570 1079 1607 1110 13

116 1128 295 1179 praedam
310 1128 550 1175 discurrunt,
562 1128 736 1179 receptui
756 1127 895 1167 deinde
913 1128 1066 1175 cecinit,
1079 1127 1281 1178 multoque
1291 1133 1380 1167 ante
1391 1134 1545 1167 noctem

116 1184 248 1235 copias
269 1184 434 1223 reduxit.
476 1189 634 1235 postero
658 1184 719 1223 die
740 1184 865 1236 prima
887 1184 974 1223 luce
1000 1184 1221 1235 profectus,
1256 1185 1407 1235 magnis
1430 1185 1545 1224 itine-
1570 1191 1606 1223 14

115 1240 223 1279 1111115
250 1241 390 1280 famam
422 1246 460 1280 et
488 1240 645 1291 vestigia
677 1240 843 1292 agminis
873 1253 1043 1292 sequens
1073 1241 1174 1280 haud
1207 1241 1346 1291 procul
1377 1241 1545 1281 Venusia

115 1298 264 1336 hostem
287 1297 524 1348 adsequitur.
557 1297 608 1336 ibi
631 1310 790 1348 quoque
812 1297 1063 1336 tumultuaria
1086 1309 1217 1348 pugna
1236 1297 1328 1344 fuit;
1353 1310 1470 1348 supra
1490 1310 1545 1337 MM
1570 1305 1604 1337 15

114 1376 311 1416 quingenti,
338 1373 466 1407 welche
480 1373 651 1415 andeutet,
665 1374 744 1407 dass
758 1374 791 1407 in

113 1419 172 1452 der
184 1419 265 1451 Zabl
290 1418 385 1452 beide
399 1419 534 1452 Classen
547 1419 690 1452 umsasst
708 1429 791 1452 wer-

113 1464 188 1505 den,
203 1474 241 1497 so
256 1463 335 1497 dass
350 1464 434 1497 noch
449 1466 599 1496 victores
607 1477 618 1496 .·
636 1464 791 1507 obgleich

113 1509 161 1542 sie
185 1519 226 1541 zu
244 1509 307 1542 den
323 1508 460 1552 Siegern
475 1509 649 1552 geborten,
674 1509 791 1542 hinzu—

113 1558 219 1587 treten
245 1553 384 1595 konnte,
409 1554 479 1597 vgl.
504 1556 558 1596 21,
582 1556 635 1596 29,
654 1557 692 1589 3:
720 1557 791 1587 vic-

114 1603 205 1631 tores
230 1599 278 1631 ad
301 1601 491 1640 sexaginta
516 1610 580 1632 nee
594 1610 712 1632 omnes
725 1599 791 1632 Ro-

112 1647 212 1677 mani
234 1664 262 1668 -
288 1645 501 1677 ceciderant.

158 1691 281 1722 9—11.
309 1689 390 1721 inde
415 1689 487 1732 gibt
511 1689 583 1722 Zeit
608 1689 673 1722 und
689 1689 793 1732 Folge

112 1745 222 1768 an.—
238 1736 379 1776 institit,
405 1734 521 1767 rfickte
546 1734 597 1767 1115
623 1734 793 1768 111111111161-

114 1780 171 1811 bar
195 1789 267 1821 vor,
294 1789 344 1812 an.
370 1799 414 1802 —
438 1779 574 1819 inferre
603 1791 642 1821 s„
673 1779 793 1813 anders

112 1826 132 1866 ξ
160 1825 217 1863 12;
250 1835 277 1858 6.
315 1826 364 1865 15,
392 1826 444 1858 18.
470 1842 514 1848 -
543 1826 675 1857 crebris
706 1827 793 1867 ign„

112 1869 260 1903 dieselbe
284 1869 355 1903 List
380 1869 445 1903 wie
471 1871 525 1910 22,
551 1871 605 1911 42,
631 1871 661 1903 6.
702 1880 793 1912 quae

111 1926 214 1957 pars,
245 1925 321 1948 man
357 1918 514 1948 erwartet
546 1917 583 1947 in
613 1926 653 1947 ea
676 1919 791 1958 parte,

112 1970 219 2003 quae,
250 1960 317 2003 vgl.
344 1961 399 2000 29,
425 1962 479 2002 24,
505 1962 542 1992 7;
575 1971 665 2002 quae
697 1961 792 1999 ἀίω-,-

112 2015 139 2038 5.
169 2015 211 2038 zu
236 2007 291 2045 31,
317 2007 348 2044 2,
375 2007 413 2043 6;
446 2007 501 2046 40,
528 2007 581 2047 31,
607 2007 645 2044 9;
679 2005 792 2038 Horat.

113 2050 219 2083 Carm.
247 2053 276 2092 1,
297 2051 351 2092 22,
373 2053 428 2083 17:
452 2061 545 2093 pone
568 2061 622 2082 me
645 2069 672 2074 -
698 2051 794 2093 quod

114 2095 205 2127 latus
217 2096 378 2138 Iuppiter
390 2099 517 2137 urget,·
533 2095 701 2129 einsacher
717 2095 791 2129 sind

113 2139 166 2173 die
180 2139 283 2182 Ffiile,
306 2150 360 2173 wo
387 2140 460 2174 eine
475 2140 708 2183 Bestimmung
732 2141 791 2174 des

114 2184 452 2227 Beziehungswortes
496 2185 541 2218 im
585 2186 792 2229 Hauptsatze

113 2230 229 2271 bleibt,
253 2230 318 2263 wie
346 2233 373 2269 1,
402 2232 453 2271 12,
479 2232 517 2264 8:
546 2235 636 2264 toto:
662 2233 717 2273 40,
736 2233 789 2272 20,

114 2277 151 2309 3:
185 2275 228 2307 de
261 2277 309 2307 eis
334 2294 361 2298 -
388 2286 538 2317 quorum
570 2286 769 2309 sermonum
780 2289 792 2316 ,-

112 2319 244 2353 Andere
276 2320 471 2353 betrachten
502 2331 593 2363 quae
622 2332 710 2364 par-s
742 2321 791 2354 als

114 2366 282 2398 Vertreter
319 2363 378 2397 des
413 2375 454 2398 zu
495 2365 788 2400 wiederholenden

115 2410 450 2453 Beziehungswortes
489 2412 592 2452 (quae
628 2412 789 2445 taberna-

113 2456 222 2498 cula),
247 2455 312 2488 Cic.
338 2454 430 2487 Fam.
453 2456 502 2496 15,
516 2457 601 2497 4‚9:
627 2458 665 2489 in
690 2459 790 2498 agris

112 2500 313 2537 vastandis,
341 2510 431 2542 quae
454 2509 539 2542 pars
564 2503 638 2534 eius
661 2503 790 2534 montis

112 2556 210 2579 meae
232 2546 440 2589 provinciae
465 2548 525 2578 ese.
547 2565 591 2569 —
608 2547 790 2589 profectus

862 1386 890 1407 c.
917 1377 947 1413 5,
975 1376 1009 1416 23
1035 1373 1103 1416 vgl.
1129 1375 1183 1413 42,
1198 1376 1298 1414 54,6.
1314 1393 1358 1397 —
1380 1375 1544 1416 intendit,

862 1419 1002 1452 braucht
1026 1418 1062 1452 L.
1087 1418 1257 1452 mehrfach
1283 1419 1342 1451 mit
1367 1418 1443 1452 dem
1470 1420 1544 1462 Ins.‚

862 1467 985 1506 36„44,
1000 1465 1035 1502 3;
1062 1463 1107 1496 ib.
1125 1466 1179 1504 45,
1198 1466 1211 1496 1
1240 1474 1338 1505 usw.,
1364 1464 1471 1498 5611611
1487 1465 1546 1497 Ga-

862 1519 926 1551 sar,
951 1509 1065 1542 Cicero
1093 1508 1196 1542 nicht.
1220 1528 1264 1533 —
1288 1509 1426 1542 succed.
1440 1510 1545 1551 vallo,

862 1565 889 1588 5.
909 1557 964 1594 24,
982 1556 1032 1595 19,
1046 1556 1065 1589 6
1081 1563 1089 1585 :
1114 1554 1336 1586 succedentes
1352 1556 1545 1597 moenibus,

861 1600 986 1633 ebenso
1000 1599 1032 1632 in
1049 1598 1108 1632 der
1118 1599 1317 1642 Bedeutung
1332 1600 1546 1643 nachsolgen,

863 1655 888 1678 5.
916 1646 969 1685 24,
991 1647 1021 1685 5,
1048 1646 1082 1681 1;
1108 1643 1260 1687 dagegen
1287 1655 1314 1678 6.
1336 1646 1386 1684 18,
1407 1647 1443 1678 13
1468 1656 1545 1677 suc-

864 1689 1012 1722 cedendi
1035 1699 1173 1730 muros,
1205 1689 1254 1721 ost
1287 1689 1373 1722 auch
1403 1690 1464 1722 mit
1489 1690 1546 1722 ad.

863 1754 907 1758 —
922 1734 1108 1775 obambul„
1134 1733 1193 1766 das
1209 1734 1304 1767 Wort
1327 1734 1459 1767 scheint
1485 1745 1547 1768 vor

863 1780 897 1812 L.
911 1779 943 1812 in
959 1779 1062 1812 Prosa
1088 1778 1180 1812 nicht
1199 1779 1383 1822 gebraucht
1407 1790 1448 1812 zu
1462 1780 1545 1813 sein.

911 1826 1054 1858 13-14.
1080 1827 1265 1866 tantumq„
1291 1835 1317 1858 s.
1345 1826 1398 1866 37,
1427 1827 1478 1867 12,
1505 1828 1544 1858 6:

863 1880 924 1902 nur
948 1880 986 1903 so
1015 1869 1134 1912 lange;
1168 1868 1249 1902 Sall.
1275 1869 1295 1902 l.
1322 1871 1376 1911 53,
1402 1871 1440 1903 3:
1469 1874 1545 1903 tan-

864 1919 936 1947 tum
960 1915 1064 1947 modo
1098 1917 1249 1957 morati,
1282 1915 1382 1956 dum,
1414 1914 1481 1958 vgl.
1508 1916 1542 1949 L.

861 1962 916 2001 40,
931 1962 984 2001 48,
1000 1963 1035 1994 5:
1065 1963 1202 1992 tantum
1226 1963 1398 2001 moratus,
1423 1964 1463 1992 ut
1480 1964 1544 1994 etc.

861 2005 929 2038 und
955 2007 1008 2045 29,
1036 2007 1089 2046 34,
1108 2006 1146 2038 9:
1175 2008 1352 2037 tantum—
1370 2009 1544 2046 quantum

862 2053 1041 2093 temporis.
1095 2049 1161 2082 Das
1196 2060 1303 2092 praes.
1341 2049 1418 2082 hist.
1454 2050 1545 2083 steht

861 2095 932 2128 hier
956 2096 1010 2128 bei
1037 2095 1130 2135 dum,
1155 2094 1196 2127 da
1223 2105 1275 2128 es:
1302 2105 1339 2128 so
1364 2094 1464 2137 lange
1484 2095 1542 2128 be-

861 2140 988 2181 deutet,
1006 2139 1125 2172 anders
1139 2139 1188 2172 als
1206 2140 1258 2172 bei
1273 2140 1355 2171 dum
1369 2139 1541 2174 wahrend.

860 2204 904 2209 —
925 2185 1050 2218 deinde
1075 2184 1162 2227 solgt
1186 2185 1360 2218 bisweilen
1386 2185 1471 2218 nach
1497 2185 1542 2219 ei-

861 2241 936 2264 nem
974 2230 1038 2264 den
1072 2230 1272 2263 Vordersatz
1306 2229 1542 2264 vertretenden

861 2276 1033 2318 Particip.,
1059 2277 1114 2316 21,
1140 2277 1194 2316 50,
1220 2277 1256 2313 ὃς
1285 2276 1338 2315 29,
1356 2276 1389 2315 2,
1406 2276 1461 2314 18;
1488 2277 1541 2317 24,

864 2323 915 2362 13,
941 2324 977 2364 73
1004 2321 1129 2353 ebenso
1155 2320 1240 2353 nach
1266 2319 1341 2353 dem
1367 2320 1433 2352 abl.
1458 2320 1540 2361 abs„

860 2368 894 2408 4,
918 2368 972 2407 34,
997 2369 1027 2407 5,
1053 2365 1118 2398 wie
1143 2365 1225 2397 inde
1240 2367 1292 2407 30,
1310 2367 1414 2406 17,3;
1439 2368 1471 2408 5,
1486 2367 1541 2407 39,

863 2413 922 2453 103
938 2413 992 2453 23,
1006 2412 1091 2452 23‚5
1118 2409 1184 2443 und
1211 2414 1294 2443 tum.
1319 2411 1351 2452 2,
1367 2411 1421 2452 29,
1437 2413 1472 2450 3;
1499 2420 1541 2444 311

860 2467 894 2489 u.
914 2455 963 2488 St.
988 2456 1031 2488 ist
1057 2465 1092 2488 65
1119 2455 1225 2488 61116111
1252 2455 1411 2488 betonten
1425 2455 1541 2489 Worte

861 2500 1271 2543 nachgesetzt.—supra
1296 2500 1394 2540 MM.‚
1420 2501 1542 2534 Hanni-

860 2546 913 2578 bal
946 2545 1038 2579 113116
1073 2545 1143 2578 3150
1179 2545 1212 2578 111
1250 2545 1326 2579 dem
1357 2545 1542 2587 Frthahre
