1732 2840
12 1835 14 1838 ·
81 1811 265 1857 ὃιάβασιν,
289 1816 362 1847 τοῖς
387 1811 461 1857 ὃέἧ

95 117 120 138 a.
139 110 189 138 Ch.
208 111 267 138 203.

530 100 652 134 LIBER
678 99 775 134 XXX.
824 101 916 135 CAP.
941 103 993 135 20.
1019 103 1072 136 21.

1435 99 1512 138 135

94 220 258 254 nuentes
274 220 546 254 concesserant
563 215 600 254 in
619 214 780 254 Iunonis
795 215 974 255 Laciniae
991 214 1196 254 delubrum
1217 213 1443 254 inviolatum
1464 216 1509 255 ad

93 283 177 310 eam
213 271 314 310 diem
333 301 342 318 ,
379 271 418 310 in
450 271 593 323 templo
625 271 709 323 ipso
741 272 851 311 foede
882 271 1106 311 interfectis.
1160 283 1246 310 raro
1277 283 1511 323 quemquam
1531 280 1550 312 7

91 327 231 375 alium,
263 327 424 379 patriam
453 327 554 367 exilii
586 340 700 367 causa
729 328 1034 380 relinquentem,
1065 335 1142 367 tam
1173 333 1362 367 maestum
1384 328 1509 368 abisse

91 383 222 423 ferunt
244 396 358 436 quam
380 381 634 424 Han‘nibalem
649 415 658 433 ,
681 385 850 424 hostium
867 391 969 423 terra
991 385 1251 424 excedentem.
1294 385 1510 437 respexisse
1541 388 1544 409 ῑ

88 452 204 492 saepe
219 439 348 480 Italiae
365 439 490 487 litora,
513 448 549 480 et
570 441 663 480 deos
684 441 940 493 hominesque
960 447 1209 480 accusantem
1230 441 1270 479 in
1292 454 1333 480 se
1355 453 1511 493 quoque

89 509 133 536 ac
149 509 262 536 suum
278 497 402 549 ipsius
418 504 534 549 caput
551 504 783 545 execratum,
805 497 908 550 quod
927 510 1006 536 non
1024 503 1230 536 cruentum
1251 497 1297 536 ab
1315 497 1511 537 Cannensi
1530 506 1550 539 8

89 553 248 593 victoria
269 553 429 593 militem
446 554 607 594 Romam
630 554 811 593 duxisset.
849 553 1073 605 Scipionem
1096 554 1151 592 ire
1172 553 1218 592 ad
1240 553 1511 605 Carthaginem
1541 575 1543 578 ⁴

90 621 239 658 ausum,
262 610 327 662 qui
345 611 481 650 consul
503 611 653 649 hostem
671 610 845 650 Poenum
868 611 907 649 in
929 610 1035 649 Italia
1059 622 1136 649 non
1159 610 1333 658 vidisset;
1357 623 1397 650 se
1419 623 1510 650 cen·
1531 619 1551 652 9

88 672 170 706 tum
205 666 375 706 millibus
410 673 644 706 armatorum
679 667 725 706 ad
761 667 1073 707 Trasumennum
1108 672 1173 706 aut
1201 666 1352 706 Cannas
1388 668 1509 707 caesis

89 723 190 762 circa
212 723 422 762 Casilinum
444 723 661 775 Cumasque
683 729 720 762 et
741 723 877 763 Nolam
899 723 1165 762 consenuisse.
1207 723 1302 762 haec
1323 735 1510 763 accusans

86 791 335 831 querensque
356 792 401 819 ex
421 780 571 819 diutina
592 780 840 832 possessione
860 779 989 819 Italiae
1011 786 1069 818 est
1088 780 1293 818 detractus.
1544 790 1546 797 ·

200 835 361 875 Romam
392 849 461 889 per
490 837 645 876 eosdem
675 836 756 876 dies
787 842 825 876 et
844 836 1050 887 Magonem
1081 842 1118 875 et
1138 835 1394 875 Hannibalem
1416 848 1510 888 pro·
1533 839 1578 877 21

88 891 209 931 tectos
236 892 392 932 allatum
423 899 493 932 est.
536 893 645 932 cuius
675 893 841 945 duplicis
862 892 1133 943 gratulationis
1153 893 1291 931 minuit
1312 892 1507 939 laetitiam,

87 953 123 987 et
151 949 255 1000 quod
277 962 414 1001 parum
435 949 553 989 duces
574 950 613 988 in
635 949 851 989 retinendis
870 950 937 996 iis,
968 961 1057 988 cum
1079 949 1115 988 id
1136 949 1359 988 mandatum
1379 949 1426 988 ab
1448 961 1509 988 se-

62 1057 120 1081 -es
147 1047 229 1080 wird
255 1051 317 1090 qui
341 1052 381 1081 st.
409 1051 492 1091 quia
518 1059 618 1082 verm.
639 1068 682 1073 —
705 1049 761 1081 de-

86 1093 226 1124 lubrum
256 1094 299 1126 ist
333 1094 404 1126 hier
426 1111 471 1122 =
495 1094 661 1136 templum
692 1093 760 1126 und

85 1136 142 1171 der
150 1138 422 1182 Abwechselung
438 1148 554 1181 wegen
565 1139 760 1181 gebraucht,

84 1183 153 1226 vgl.
179 1185 232 1223 28,
256 1186 311 1224 46,
341 1186 394 1221 16;
424 1185 595 1225 29,18,3:
621 1183 758 1223 fanum,

84 1228 165 1261 oder
189 1227 247 1261 der
271 1228 394 1272 heilige
419 1229 536 1262 Bezirk
562 1229 758 1272 iiberhaupt.

83 1292 128 1297 —
142 1276 179 1305 in
193 1275 267 1315 ipso
284 1277 320 1315 t.,
346 1274 414 1316 vgl.
440 1273 592 1317 dagegen
606 1276 661 1316 42,
675 1276 706 1315 3,
721 1277 756 1308 6:

85 1318 250 1361 templum
288 1321 575 1360 augustissimum
605 1338 633 1342 ——
665 1319 760 1361 quod

81 1374 153 1396 non
190 1363 370 1406 Pyrrhus,
408 1375 479 1397 non
519 1365 759 1397 Hannibal

83 1409 257 1442 violasset.
306 1409 438 1443 Ebenso
464 1410 576 1452 wenig
601 1412 695 1452 passt
719 1420 759 1442 zu

82 1453 141 1487 der
161 1454 337 1487 nutzlosen
352 1454 584 1488 Grausamkeit
610 1464 679 1487 was
693 1454 759 1487 Cic.

81 1498 155 1532 Div.
184 1501 211 1541 1,
230 1500 284 1535 24,
302 1501 345 1532 48
370 1500 455 1532 nach
473 1498 606 1532 Coelius
632 1499 759 1532 berich-

83 1548 142 1586 tet‚
167 1543 246 1576 dass
272 1543 434 1577 Hannibal
460 1543 531 1577 sich
556 1543 659 1577 durch
685 1545 759 1577 eine

83 1589 314 1632 Erscheinung
339 1588 396 1622 der
422 1589 534 1622 Gottin
561 1589 644 1622 habe
670 1600 757 1622 war-

84 1644 149 1667 nen
173 1634 284 1667 lassen
310 1634 383 1667 eine
408 1634 551 1677 goldene
571 1634 672 1680 Saule
699 1645 757 1668 aus

80 1679 186 1713 ihrem
204 1679 343 1722 Tempel
371 1679 644 1723 wegzunehmen.
695 1680 759 1712 Zur

82 1724 188 1758 Sache
212 1724 280 1766 vgl.
306 1725 393 1768 App.
419 1726 521 1762 c.5S;
548 1724 644 1758 Diod.
671 1724 691 1758 l.
718 1725 757 1757 1.;

81 1772 171 1802 ἑνιοι
202 1767 344 1802 εἵλαντο
376 1768 443 1811 τὴν
463 1766 559 1848 δέατ’
592 1765 758 1812 Ἀννίβου

486 1817 625 1857 ομένοις
641 1815 702 1856 τῆς
719 1818 759 1847 ὲν

79 1856 213 1901 Ἰταλίᾳ
235 1859 344 1902 μονῆς
366 1858 584 1905 περιστήσας
607 1858 674 1901 τὴν
699 1857 756 1892 δύ-

81 1917 191 1947 ναμιν
214 1902 256 1938 τὸ
279 1905 347 1946 μὲν
370 1906 519 1950 πρῶτον
550 1907 622 1938 τοῖς
650 1916 756 1950 στρα-

82 1945 232 1983 τιώταις
256 1946 392 1983 ἔδωκεν
416 1949 593 1991 ἐξουσίαν,
619 1950 654 1982 εἴ
673 1963 756 1983 τινα

81 1992 270 2037 βούλοιντο
310 1992 353 2027 λα
382 1992 508 2037 βάνειν
547 1994 585 2034 ἑξ
632 1994 756 2028 αὐτῶν

83 2036 221 2079 δοῦλον,
245 2037 325 2072 τοὺς
372 2041 388 2072 ὲ
413 2038 553 2074 λοιποῖς
580 2042 756 2083 κατέσφα-

83 2083 153 2124 ξεν,
177 2081 310 2128 ἄνδρας
331 2086 399 2127 μὲν
432 2088 513 2132 περὶ
543 2083 756 2131 δισμυρίους,

82 2129 211 2163 ἵππους
236 2126 275 2161 δὲ
299 2132 382 2173 περὶ
403 2128 615 2175 τρισχιλίους
628 2135 703 2171 etc„
728 2140 755 2163 s.

83 2174 164 2207 lhne
177 2176 210 2215 2,
225 2176 299 2208 365.
328 2175 611 2209 Wahrscheinlich
625 2175 756 2209 schiffte

84 2229 120 2253 er
143 2219 215 2252 sich
239 2219 294 2252 cin
317 2219 349 2251 in
376 2219 451 2253 dem
475 2231 541 2253 von
557 2221 641 2254 Plin.
657 2223 687 2261 3,
707 2223 756 2260 10,

82 2265 124 2298 95
139 2264 376 2298 bezeichneten
390 2265 510 2298 Hafen:
529 2268 567 2298 in
584 2276 624 2298 ea
638 2267 757 2308 (paen-

83 2309 213 2350 insula)
230 2313 367 2352 portuS,
386 2312 448 2352 qui
469 2314 618 2343 vocatur
637 2315 756 2343 castra

83 2354 314 2392 Hannibalis,
345 2365 518 2397 nusquam
550 2359 757 2398 angustior-e

84 2399 210 2440 Italia,·
234 2398 365 2432 sudlich
390 2410 456 2433 von
481 2399 614 2434 Croton.

129 2447 159 2477 7.
185 2455 270 2477 raro
295 2455 339 2487 q.‚
364 2454 389 2478 s.
412 2446 465 2484 21,
483 2447 537 2487 59,
552 2448 638 2478 7.—
653 2456 756 2478 accu-

81 2493 185 2531 sant„
209 2499 236 2522 s.
260 2492 290 2529 5,
313 2491 367 2530 43,
385 2491 422 2523 7:
450 2490 517 2522 diis
541 2491 754 2523 hominibus-

84 2545 149 2576 que
175 2534 392 2568 accusandis.
418 2554 461 2558 —
487 2540 690 2569 emer-atum
723 2546 754 2568 n.

831 1059 916 1089 esse,
943 1059 968 1082 s.
995 1050 1026 1087 8,
1057 1049 1104 1088 12,
1135 1051 1166 1081 1;
1200 1051 1424 1088 eaeecralam,·
1457 1048 1506 1081 als

833 1093 977 1136 Particip
1004 1092 1119 1126 werde
1133 1103 1168 1126 es
1182 1097 1405 1125 execrantem
1420 1093 1507 1126 heis-

829 1148 899 1180 sen,
928 1149 954 1172 s.
986 1140 1014 1180 1,
1040 1140 1094 1180 59,
1124 1140 1178 1176 13;
1205 1140 1237 1181 9,
1263 1141 1294 1179 5,
1324 1140 1376 1172 13.
1401 1157 1445 1162 —-
1470 1140 1507 1171 in

828 1195 863 1216 se
888 1187 964 1223 etc.‚
998 1194 1024 1217 s.
1063 1185 1112 1224 10,
1138 1185 1191 1225 28,
1219 1185 1276 1216 18;
1309 1184 1395 1215 haec
1428 1195 1507 1216 εωθ-

830 1234 948 1261 cratus
974 1231 1010 1260 in
1034 1240 1070 1260 se
1087 1229 1290 1270 lzoslesque;
1317 1230 1369 1270 39,
1384 1231 1437 1267 51,
1455 1230 1507 1263 12.

830 1293 872 1298 -
898 1277 1021 1317 capul,
1053 1273 1111 1306 der
1143 1272 1385 1306 bedentendste
1410 1273 1508 1307 Theil

829 1319 935 1352 neben
961 1318 1037 1351 dem
1062 1318 1208 1360 Ganzen,
1232 1329 1258 1351 s.
1285 1321 1316 1357 3,
1341 1320 1449 1359 48‚5:
1475 1323 1507 1351 te

829 1368 995 1406 tuumque
1021 1367 1127 1406 capul
1152 1383 1177 1387 —
1203 1374 1392 1404 consecro;
1425 1362 1505 1397 Sall.

827 1409 863 1443 C.
890 1410 994 1450 52‚8:
1023 1410 1111 1441 milzz'
1135 1412 1239 1451 atque
1265 1411 1382 1441 animo
1409 1419 1506 1448 meo,-

829 1465 859 1488 u.
886 1456 915 1487 ii.
941 1473 981 1477 —
1012 1456 1133 1496 ipsius,
1158 1464 1184 1487 s.
1211 1455 1263 1495 28,
1294 1456 1342 1493 19,
1374 1456 1421 1488 10.

874 1501 972 1533 8-9,
999 1499 1093 1541 quod
1116 1509 1188 1531 non
1212 1502 1288 1540 etc„
1317 1498 1375 1532 der
1399 1498 1505 1533 sehon

830 1546 882 1585 22,
909 1547 962 1585 51,
986 1546 1007 1578 4
1032 1544 1202 1577 erwahnte
1229 1544 1401 1586 Vorwurf,
1435 1545 1504 1588 vgl.

828 1591 881 1631 26,
907 1592 938 1631 7,
963 1591 994 1623 3.
1023 1610 1061 1613 —
1094 1588 1258 1632 Romam,
1291 1589 1376 1622 nach
1408 1589 1504 1632 Rom,

828 1635 876 1667 als
902 1635 944 1667 ob
970 1634 1023 1666 die
1044 1634 1141 1667 Stadt
1165 1635 1233 1667 ihm
1259 1634 1346 1667 offen
1371 1638 1504 1678 gestan-

827 1679 891 1712 den
918 1679 1029 1718 hatte;
1056 1679 1104 1711 ad
1129 1679 1308 1721 Car-chag„
1334 1689 1443 1723 gegen
1469 1681 1503 1714 C.

827 1743 870 1748 —
885 1724 1017 1765 consul,
1042 1724 1091 1757 als
1117 1734 1151 1757 er
1175 1734 1216 1757 33
1235 1724 1293 1757 der
1306 1724 1419 1768 Spitze
1444 1725 1504 1759 des

828 1769 960 1803 Staates
985 1769 1094 1802 stand.
1120 1789 1162 1794 —
1188 1771 1274 1802 host.
1303 1770 1349 1811 P„
1375 1769 1439 1803 den
1464 1770 1501 1804 P.

829 1815 877 1848 als
892 1814 1010 1852 Feind;
1037 1815 1115 1848 aber
1133 1814 1190 1848 der
1204 1814 1405 1848 Nachdruck
1422 1815 1505 1859 liegt

825 1860 884 1893 aus
906 1862 943 1892 z'n
957 1860 1073 1893 ltalia.
1089 1879 1132 1884 —-
1148 1864 1284 1892 centum
1297 1870 1354 1900 m.,
1381 1862 1433 1902 23,
1453 1863 1503 1902 11,

826 1907 857 1940 8.
883 1924 925 1929 —
959 1909 1023 1937 aut
1055 1904 1180 1947 Cann„
1214 1915 1289 1938 zum
1320 1905 1416 1939 Theil
1451 1905 1503 1947 da,

825 1961 900 1983 zum
918 1950 1013 1983 Theil
1039 1959 1092 1983 am
1106 1950 1328 1984 Trasimenus.
1343 1969 1387 1975 —
1403 1953 1503 1984 circa

828 1995 916 2038 Cas„
941 2005 976 2028 es
1001 1995 1076 2028 sind
1092 1994 1154 2039 die
1173 1997 1226 2036 23,
1246 1997 1286 2029 14
1299 1995 1332 2028 ff.
1350 1995 1502 2028 erw'cihn-

826 2044 880 2074 ten
914 2040 1235 2082 Unternehmungen
1267 2040 1427 2082 gemeint.
1458 2060 1502 2064 —

826 2097 870 2118 ea:
899 2096 1007 2128 poss„
1046 2084 1343 2118 nachdriicklicher
1374 2085 1423 2118 als
1457 2096 1502 2117 ex

825 2130 933 2163 Italia
959 2140 1063 2172 quam
1078 2130 1292 2172 possederat,
1317 2130 1385 2173 vgl.
1405 2141 1430 2163 c.
1447 2132 1501 2173 28,

830 2177 863 2214 1;
891 2177 945 2216 22,
974 2177 1025 2216 14,
1050 2177 1085 2213 6;
1111 2175 1155 2207 ib.
1180 2176 1233 2214 44,
1261 2177 1291 2209 6.

871 2219 930 2264 21,
958 2222 1075 2254 1-10,
1104 2220 1331 2253 Verbaltnisse
1348 2219 1380 2251 in
1400 2219 1500 2259 Rom3

826 2266 913 2309 App.
927 2265 1106 2305 Η333.61;
1133 2265 1275 2303 Lib.3l;
1303 2264 1382 2297 Zon.
1399 2266 1430 2305 9,
1449 2267 1500 2299 14.

875 2312 972 2344 1-2.
994 2310 1127 2352 gratul.
1143 2329 1170 2333 -
1185 2310 1277 2350 laet„
1295 2309 1348 2342 die
1363 2309 1500 2352 Frende,

825 2355 879 2388 die
896 2355 967 2388 sich
985 2355 1017 2387 in
1031 2355 1093 2388 den
1109 2355 1362 2397 gegenseitigen
1376 2353 1500 2388 Gluck-

825 2401 1011 2434 wiinschen
1043 2398 1241 2442 aussprach,
1278 2399 1330 2432 die
1367 2399 1415 2432 sie
1447 2400 1499 2434 bei

825 2445 1007 2478 denselben
1034 2445 1159 2478 hatten.
1177 2464 1221 2468 -
1242 2455 1320 2487 par.
1336 2464 1362 2468 -
1377 2447 1499 2485 animi,

825 2490 878 2523 die
903 2491 1002 2523 weite
1017 2490 1222 2532 Entfernung
1236 2489 1294 2523 des
1308 2489 1417 2523 Genit.
1432 2501 1500 2524 von

823 2545 951 2578 parum
977 2535 1040 2568 wie
1065 2537 1097 2577 5,
1125 2536 1174 2577 12,
1204 2536 1241 2569 12
1267 2545 1299 2568 u.
1314 2544 1344 2569 3.
1368 2554 1411 2560 —
1436 2536 1498 2568 du-
