1732 2840
74 131 101 151 a.
122 123 172 151 Ch.
191 124 249 150 203.
557 111 679 145 LIBER
704 112 803 145 XXX.
852 112 945 146 cAP.
971 115 1003 147 4.
1140 140 1147 149 .
1441 111 1494 151 99

71 226 140 267 hra
170 226 377 279 conloquia
406 225 470 265 alii
499 233 615 279 atque
643 227 705 267 alii
736 228 782 267 de
811 227 1020 274 industria,
1052 239 1128 279 quo
1159 226 1336 279 pluribus
1366 229 1495 268 omnia

72 291 163 324 nota
199 289 349 328 essent,
385 283 650 323 mittebantur.
706 296 796 323 cum
830 283 985 336 saepius
1019 284 1160 335 agitata
1194 296 1256 323 res
1287 285 1493 324 certiorem
1513 291 1534 324 4

70 352 180 393 spem
209 339 317 392 pacis
345 340 385 379 in
407 339 490 379 dies
512 347 548 380 et
582 340 748 393 Syphaci
771 346 809 380 et
828 339 1215 391 Carthaginiensibus
1235 353 1305 393 per
1326 353 1413 380 eum
1437 341 1492 380 sa-

71 403 187 445 ceret,
208 396 323 448 legati
344 395 507 436 Romani
530 397 667 437 vetitos
688 410 728 436 se
750 397 893 436 reverti
913 397 958 436 ad
981 397 1254 449 imperatorem
1275 397 1396 445 aiunt,
1418 397 1492 437 nisi

70 459 221 493 certum
242 465 474 505 responsum
497 454 631 493 detur:
654 454 819 506 proinde
833 483 842 501 ,
865 465 932 493 seu
955 453 1029 505 ipsi
1050 459 1167 493 staret
1189 454 1263 492 iam
1284 454 1490 502 sententia,
1513 461 1532 493 5

62 518 274 562 promeret,
307 522 372 549 seu
405 510 670 549 consulendus
694 509 912 550 Hasdrubal
934 515 969 549 et
990 509 1329 561 Carthaginienses
1350 518 1492 559 essent,

69 565 302 606 consuleret.
345 573 498 618 tempus
527 579 611 606 esse
638 574 703 606 aut
724 579 857 619 pacem
889 566 1072 619 componi
1093 572 1160 606 aut
1181 566 1325 605 bellum
1349 567 1494 607 naviter

66 623 164 674 geri.
206 624 297 662 dum
319 623 538 662 consulitur
559 623 777 663 Hasdrubal
793 623 840 663 ab
863 623 1053 676 Syphace,
1074 623 1121 662 ab
1140 622 1376 662 Hasdrubale
1399 623 1492 663 Car·
1512 629 1531 662 6

67 680 345 731 magimenses,
367 686 404 718 et
419 679 684 731 speculatores
701 681 830 720 omnia
846 680 994 719 visendi
1011 686 1047 718 et
1065 679 1196 732 Scipio
1213 680 1259 718 ad
1274 692 1492 732 conparan-

67 736 114 775 da
145 748 209 783 ea,
239 748 338 788 quae
369 736 409 774 in
439 748 521 775 rem
553 744 674 784 erant,
706 743 862 789 tempus
892 736 1036 776 habuit.
1080 743 1116 775 et
1137 736 1337 775 mentione
1358 748 1402 775 ac
1423 749 1492 789 spe
1511 743 1530 775 7

67 793 174 844 pacis
189 792 444 843 neclegentia,
465 798 509 831 ut
530 794 585 841 fit,
607 794 710 845 apud
732 794 885 833 Poenos
905 792 1189 845 Numidamque
1210 799 1293 832 orta
1316 793 1490 840 cavendi,

67 861 117 888 ne
147 849 239 901 quid
261 848 401 888 hostile
431 849 586 889 interim
618 856 855 902 paterentur.
899 850 1053 889 tandem
1075 849 1236 889 relatum
1259 861 1491 901 responsum
1512 855 1532 888 8

66 904 297 957 quibusdam
312 935 321 952 ,
353 905 441 957 quia
474 906 590 945 nimis
619 919 762 959 cupere
783 906 983 945 Romanus
1005 918 1140 958 pacem
1164 905 1386 953 videbatur,
1416 906 1490 944 ini-

66 962 154 1014 quis
169 974 240 1014 per
261 962 506 1001 occasionem
521 963 698 1011 adiectis;
722 976 820 1015 quae
842 968 1135 1015 peropportune
1157 962 1331 1014 cupienti
1352 962 1489 1004 tollere

66 1018 235 1058 indutias
256 1018 432 1070 Scipioni
455 1031 609 1058 causam
631 1019 859 1071 praebuere.
900 1031 944 1058 ac
968 1019 1106 1057 nuntio
1128 1018 1251 1069 regis,
1282 1031 1370 1057 cum
1391 1019 1491 1058 rela-
1511 1025 1530 1057 9

37 1088 40 1091 ·
66 1081 197 1114 turum
230 1087 271 1114 se
301 1075 346 1114 ad
379 1075 584 1115 consilium
613 1075 793 1122 dixisset,
829 1082 984 1127 postero
1015 1075 1076 1114 die
1106 1075 1310 1126 respondit
1339 1087 1381 1114 se
1410 1087 1489 1114 uno

67 1131 209 1170 frustra
243 1131 426 1170 tendente
463 1131 561 1171 nulli
591 1132 655 1171 alii
685 1144 819 1184 pacem
852 1131 1065 1184 placuisse:
1102 1131 1343 1170 renuntiaret
1373 1132 1492 1183 igitur

813 1242 932 1275 anders
950 1244 1003 1283 29,
1026 1243 1076 1279 15,
1095 1243 1109 1275 1
1139 1245 1272 1284 tempus
1290 1253 1361 1274 esse
1374 1262 1400 1267 --
1414 1245 1492 1284 pali

67 1244 224 1274 tunz'ores
250 1244 326 1283 ins„
360 1242 554 1285 giinstigere
579 1242 742 1286 Gelegen—

812 1288 971 1329 fibn'gens
997 1286 1081 1319 wird
1106 1291 1378 1330 vorausgesetzt,
1412 1287 1490 1321 dass

65 1286 135 1320 heit
159 1297 234 1320 zum
258 1286 393 1330 Angriff
413 1288 536 1328 boten,
562 1298 662 1321 wenn
686 1287 742 1321 Je-

63 1331 175 1371 mand,
201 1341 278 1364 man
304 1342 389 1365 usw.
411 1332 550 1374 Subject
573 1333 647 1366 sind
673 1333 740 1366 wol

63 1377 117 1410 die
147 1377 270 1410 Punier
300 1378 367 1410 und
400 1377 578 1418 Numider,
618 1378 670 1411 die
708 1378 743 1411 in

63 1422 167 1465 Folge
191 1422 248 1455 der
262 1423 332 1463 Art,
358 1423 422 1455 wie
448 1423 496 1456 sie
520 1423 574 1455 die
594 1422 742 1456 Wachen

64 1467 259 1506 ausstellen,
285 1467 457 1501 entweder
481 1468 534 1500 bei
553 1467 635 1511 Tag,
662 1468 742 1501 oder

62 1512 116 1546 bei
146 1512 255 1546 Nacht.
284 1513 400 1546 besser
438 1512 621 1546 ubersallen
658 1523 742 1545 wer-

62 1558 126 1590 den
152 1557 304 1594 konnem
331 1557 500 1591 einsacher
523 1562 598 1601 sagt
621 1557 740 1601 Polyb.

64 1613 92 1637 c.
125 1606 151 1645 1,
180 1604 236 1635 13;
262 1598 367 1643 χᾶοιν
391 1602 453 1635 τοῦ
479 1601 540 1636 τὰς
564 1600 739 1647 προόδους

62 1650 122 1680 καὶ
146 1645 210 1681 τὰς
227 1634 384 1680 εἰσόδους
408 1647 471 1680 τὰς
494 1648 541 1681 εἰς
566 1648 740 1693 ἑκατέραν

61 1690 131 1734 τὴν
155 1691 390 1737 παρεμβολὴν
413 1691 583 1736 ἀσφαλῶς
607 1692 738 1738 ἐξερευ-

62 1738 170 1780 νῆσαι
197 1744 260 1771 etc.

107 1785 207 1817 4—5.
233 1785 357 1815 vetitos
382 1803 407 1806 —
435 1785 516 1823 nisi,
542 1783 590 1816 sie
615 1783 739 1816 sollten

62 1838 125 1862 nur
148 1828 208 1861 mit
232 1828 322 1861 einer
346 1828 560 1861 bestimmten
584 1828 739 1861 Antwort

62 1883 158 1912 usw.,
184 1873 264 1906 oder
289 1873 411 1906 sollten
435 1883 472 1906 so
486 1873 586 1916 lange
599 1877 738 1912 warten,

60 1918 113 1952 bis
137 1919 186 1952 sie
209 1938 237 1943 -
262 1918 491 1952 erhielten.—
507 1922 619 1951 staret
641 1923 740 1960 sent„

62 1965 116 2005 21,
141 1965 196 2006 29,
214 1966 244 1998 5.
258 1974 468 2007 —promer.
494 1964 538 1997 ist
555 1967 740 2007 zugesetzt,

62 2008 140 2042 weil
166 2009 364 2042 consuleret
393 2008 465 2042 sich
498 2019 561 2041 nur
593 2009 654 2042 auf
680 2008 739 2042 das

62 2054 183 2087 zweite
196 2053 291 2087 Glied
315 2053 475 2087 beziehen
500 2053 568 2086 und
593 2054 739 2087 schwer—

61 2098 140 2138 lich,
155 2108 253 2131 wenn
267 2099 351 2132 auch
366 2102 461 2132 sonst
473 2098 508 2132 L.
524 2098 738 2142 dasZeugma

63 2143 121 2177 srei
147 2144 299 2185 braucht,
322 2154 349 2177 s.
376 2146 428 2186 35,
447 2147 497 2185 ¹0,
513 2147 545 2186 9,
570 2154 612 2177 zu
637 2146 667 2185 3,
683 2146 738 2185 67,

66 2191 124 2227 11;
151 2191 204 2230 37,
219 2192 273 2232 41,
288 2191 308 2223 3
322 2199 354 2222 u.
369 2199 410 2231 a.,
435 2189 555 2223 dai-aus
580 2189 640 2222 das
665 2193 738 2223 ent-

62 2233 271 2277 sprechende
328 2234 480 2267 Pradicat
537 2245 737 2278 genommen

62 2279 198 2312 werden
223 2279 324 2312 kann.

108 2326 206 2359 5-8.
232 2324 439 2357 Hasdrubal
461 2325 503 2357 ab
524 2324 558 2358 S.
584 2326 637 2358 ab.
663 2324 737 2358 sind

62 2370 108 2402 im
133 2370 212 2404 Put.
235 2369 455 2412 ausgefallen.
479 2389 523 2394 —
548 2371 685 2402 visendi
709 2389 737 2394 —

63 2415 112 2448 ad
134 2425 225 2448 omn.
240 2418 317 2456 etc.‚
341 2414 399 2448 der
413 2414 569 2448 Wechsel
581 2415 639 2448 der
652 2415 737 2448 Con-

63 2462 180 2493 struct.
206 2460 272 2493 wie
297 2462 352 2501 40,
378 2461 432 2499 25,
457 2461 494 2493 6:
521 2462 669 2503 5‚19‚2;
696 2470 736 2493 zu

65 2508 166 2549 temp.
190 2505 336 2547 visendi,
362 2515 389 2538 s.
417 2506 471 2545 27,
487 2506 591 2546 41‚7;
617 2505 738 2538 vorher

65 2553 200 2593 tempus
213 2570 239 2574 -
251 2553 334 2593 geri
356 2560 382 2583 s.
397 2551 452 2591 25,
466 2551 520 2590 32,
534 2551 552 2583 3
565 2563 572 2588 ς
587 2552 619 2592 4,
633 2553 685 2592 51,
700 2552 736 2589 5;

812 1332 865 1366 die
878 1332 1113 1374 Berathungen
1125 1332 1261 1374 langere
1271 1332 1343 1365 Zeit
1352 1332 1490 1372 dauern;

813 1377 897 1411 nach
924 1377 1043 1421 Polyb.
1069 1376 1125 1409 hat
1150 1376 1262 1419 Scipio
1299 1378 1404 1410 sehon
1430 1388 1490 1411 vor

813 1423 870 1456 der
899 1421 1079 1455 Rfickkehr
1111 1423 1168 1455 der
1201 1422 1392 1456 Gesandten
1424 1422 1489 1456 den

813 1467 920 1511 Hfigel
944 1477 1005 1500 vor
1027 1466 1135 1506 Utica,
1160 1477 1186 1500 s.
1203 1467 1224 1510 ξ
1244 1469 1292 1507 11,
1316 1468 1488 1511 besestigt.

811 1533 855 1537 —
881 1515 917 1545 in
941 1522 1026 1553 rem,
1052 1523 1077 1546 s.
1104 1514 1158 1554 26,
1183 1515 1238 1553 44,
1264 1515 1295 1545 7.
1319 1532 1364 1536 —
1392 1524 1489 1545 men-

811 1562 906 1591 tione
932 1576 954 1580 -
983 1569 1053 1600 spe,
1080 1557 1112 1590 in
1139 1557 1251 1600 Folge,
1285 1568 1311 1591 s.
1337 1569 1365 1592 c.
1392 1561 1422 1599 5,
1449 1560 1487 1596 9;

810 1605 864 1644 28,
889 1605 943 1641 23,
967 1606 1005 1640 4;
1040 1605 1094 1645 24,
1132 1604 1182 1644 19,
1213 1606 1251 1641 5;
1286 1614 1330 1635 ιη·
1362 1603 1489 1636 konnte

809 1658 901 1681 zwar
925 1647 1032 1680 leicht
1055 1648 1141 1680 nach
1155 1652 1188 1680 el
1201 1648 1376 1689 ausfallen,
1400 1648 1487 1681 doch

809 1694 852 1727 ist
876 1703 912 1727 es
939 1692 1029 1725 nicht
1049 1692 1279 1736 nothwendig.
1295 1713 1336 1716 —
1355 1693 1486 1735 necleg.

809 1758 835 1762 —
853 1737 1012 1779 cavendi,
1026 1738 1099 1770 eine
1114 1737 1242 1771 seltene
1261 1738 1486 1781 Verbindung,

809 1783 876 1827 vgl.
903 1785 957 1824 21,
983 1785 1036 1825 56,
1062 1783 1118 1817 4r.
1165 1786 1346 1816 cunctatio
1374 1803 1398 1807 —-
1424 1794 1487 1815 au—

810 1829 914 1861 dacia
947 1828 1174 1870 ingrediendi
1206 1830 1260 1870 40,
1297 1830 1347 1870 15,
1380 1831 1399 1862 5
1435 1839 1487 1861 ce-

811 1874 918 1906 dendi
941 1873 1113 1905 modestia
1131 1884 1162 1906 u.
1177 1875 1207 1906 ἓ.
1220 1892 1263 1898 -
1277 1874 1486 1916 quibusdam

810 1921 910 1961 iniq„
935 1918 1044 1961 einige
1066 1918 1321 1962 Beffingungen,
1346 1918 1399 1952 die
1426 1929 1486 1952 un-

808 1964 904 2007 billig
930 1974 1058 2003 waren;
1086 1967 1116 2005 7,
1143 1966 1196 2006 25,
1225 1966 1283 1997 10:
1315 1966 1407 1996 inter
1432 1974 1485 1996 ce-

810 2014 887 2042 tera
913 2011 1041 2049 tristia,
1065 2009 1134 2051 vgl.
1165 2011 1192 2050 1,
1218 2011 1271 2050 53,
1300 2010 1328 2042 1.
1363 2009 1483 2052 Polyb.

809 2054 962 2088 erwahnt
991 2053 1100 2087 dieses
1135 2053 1243 2093 nicht;
1283 2063 1318 2086 es
1353 2053 1486 2087 scheint

807 2099 1040 2142 hinzugeffigt,
1065 2109 1120 2131 um
1139 2099 1198 2131 das
1220 2098 1402 2132 Verfahren
1415 2097 1485 2132 Sci-

807 2145 882 2188 pios
907 2144 1045 2177 leichter
1074 2154 1115 2176 zu
1149 2142 1416 2186 entschuldigen.
1439 2163 1484 2169 —

809 2199 954 2223 causam
980 2199 1010 2221 n.
1038 2189 1195 2230 tollendi,
1221 2188 1398 2221 Vorwand.

852 2236 976 2269 9—11.
1002 2234 1181 2273 tendente,
1214 2235 1268 2274 23,
1305 2235 1355 2273 14,
1382 2235 1413 2267 8.
1439 2253 1483 2257 —

807 2280 902 2312 nulli
925 2279 983 2318 al.‚
1009 2290 1049 2312 zu
1074 2279 1226 2312 erklaren
1253 2277 1336 2311 nach
1362 2278 1481 2322 Polyb.

806 2337 834 2358 c.
865 2327 901 2358 2:
935 2327 1073 2367 ἔπεμπε
1104 2325 1271 2370 πρέσβεις
1301 2320 1481 2364 δηλώσον-

806 2381 869 2404 τας
900 2369 953 2412 τῷ
988 2366 1130 2413 Σόφακι
1162 2366 1256 2401 διότι
1293 2371 1483 2411 συμβαίνει

806 2413 871 2448 τὸν
905 2415 972 2456 μὲν
1008 2412 1172 2448 Πόπλιον
1216 2409 1374 2446 eal-3022&
1420 2417 1482 2446 καὶ

807 2456 1023 2501 σπουδάζειν
1035 2457 1125 2502 ὑπὲρ
1139 2459 1199 2500 τῆς
1215 2456 1362 2502 εἰρήνης,
1378 2471 1426 2492 το
1436 2457 1456 2492 ὑ
1467 2469 1483 2492 ς

807 2500 841 2537 δ’
864 2506 908 2537 ἐν
924 2505 982 2547 τῷ
998 2501 1225 2549 συνεδρίῳ
1239 2501 1482 2549 διαφέρεσθαι

807 2551 866 2582 καὶ
891 2546 1002 2594 φάναι
1027 2547 1210 2592 διαμένειν
1231 2549 1290 2583 ἐπὶ
1306 2550 1384 2583 τῶν
1396 2545 1482 2582 ὑπο-

1169 2605 1216 2638 7*
