1732 2840
216 116 296 155 116

694 116 816 150 LIBER
841 116 941 149 XXX.
989 115 1081 149 CAP.
1111 117 1161 150 12.

1487 133 1511 152 a.
1530 133 1557 153 u.
1576 127 1635 153 551.

217 233 292 272 filia
314 230 566 271 Hasdrubalis
586 230 721 276 Poeni,
745 230 936 278 occurrit3
959 236 996 269 et
1017 242 1105 269 cum
1127 231 1167 269 in
1189 230 1316 269 medio
1338 229 1492 281 agmine
1512 241 1636 269 arma-

217 297 347 329 torum
378 287 617 326 Masinissam
649 287 845 338 insignem
877 299 967 326 cum
988 287 1104 325 armis
1124 293 1206 326 tum
1237 292 1365 326 cetero
1387 286 1522 326 habitu
1543 298 1638 326 con-

218 345 427 398 spexisset,
449 355 580 394 regem
604 356 687 383 esse
701 374 710 391 ,
731 344 768 382 id
792 344 894 395 quod
918 350 1010 391 erat,
1032 349 1125 390 rata,
1147 342 1312 394 genibus
1333 343 1509 382 advoluta
1531 343 1636 382 eius:

162 408 197 440 12
219 401 377 451 „omnia
395 400 550 452 quidem
573 407 615 439 ut
636 412 772 452 posses
793 400 832 439 in
857 400 983 447 nobis,
1005 400 1043 438 di
1065 400 1256 438 dederunt
1275 400 1475 451 virtusque
1497 406 1534 438 et
1554 399 1639 439 seli·

220 459 315 497 citas
336 463 426 505 tua;
449 457 515 496 sed
538 457 568 495 si
592 457 762 509 captivae
784 457 886 509 apud
910 456 1111 496 dominum
1133 456 1231 495 vitae
1254 456 1437 508 necisque
1459 468 1550 495 suae
1571 469 1638 495 vo-

219 526 303 553 cem
320 513 538 566 supplicem
555 514 708 552 mittere
730 513 832 561 licet,
856 514 887 552 si
905 526 1044 564 genua,
1065 513 1097 552 si
1120 512 1316 552 victricem
1337 512 1528 563 attingere
1549 513 1637 552 dex-

162 577 197 609 13
220 578 337 618 tram,
370 582 510 622 precor
543 583 766 622 quaesoque
797 583 867 623 per
894 569 1132 609 maiestatem
1154 569 1322 620 regiam,
1352 569 1392 607 in
1421 582 1495 621 qua
1525 569 1641 621 paulo

219 633 307 667 anie
331 639 402 666 nos
425 639 582 678 quoque
604 627 769 674 fuimus,
799 640 868 679 per
898 626 1026 678 gentis
1055 626 1309 666 Numidarum
1342 638 1506 674 nomen,
1538 626 1641 677 quod

218 684 288 723 tibi
311 696 399 722 cum
422 683 598 735 Syphace
620 696 827 723 commune
849 684 942 731 fuit,
964 696 1034 736 per
1054 683 1217 722 huiusce
1239 682 1368 733 regiae
1389 682 1497 730 deos,
1519 683 1584 734 qui
1605 690 1643 722 te

220 740 447 779 melioribus
478 740 674 779 ominibus
703 740 918 793 accipiant,
951 753 1067 792 quam
1090 740 1305 792 Syphacem
1326 739 1418 778 hinc
1439 739 1644 786 miserunt,

163 804 198 835 14
220 798 320 836 hanc
340 796 491 835 veniam
513 797 681 849 supplici
712 797 779 836 des
794 827 803 844 ,
840 803 879 836 ut
903 797 1009 849 ipse,
1033 797 1285 849 quodumque
1314 796 1388 835 fert
1408 795 1574 843 animus,
1597 796 1644 835 de

220 854 367 905 captiva
388 859 552 900 statuaS,
588 866 716 905 neque
744 866 806 892 me
840 854 881 892 in
913 854 1142 905 cuiusquam
1174 852 1340 891 Romani
1370 852 1585 904 superbum
1606 858 1644 891 et

164 917 201 947 15
222 910 378 949 crudele
393 910 596 949 arbitrium
611 910 743 949 venire
761 911 876 950 sinas.
918 910 949 949 si
967 910 1064 950 nihil
1080 910 1184 949 aliud
1202 922 1317 961 quam
1339 908 1528 961 Syphacis
1550 922 1646 948 uxor

223 966 409 1014 fuissem,
439 972 568 1005 tamen
599 967 788 1006 Numidae
817 974 935 1019 atque
965 967 1005 1006 in
1038 968 1171 1006 eadem
1200 978 1353 1005 mecum
1375 966 1503 1005 Africa
1525 966 1644 1017 geniti

167 1029 202 1060 16
225 1036 339 1075 quam
358 1023 598 1077 alienigenae
616 1031 652 1062 et
674 1024 823 1062 externi
845 1024 959 1063 fidem
982 1023 1148 1075 experiri
1171 1022 1347 1071 mallem3
1372 1023 1464 1074 quid
1486 1022 1643 1062 Cartha-

224 1080 390 1130 giniensi
413 1079 460 1118 ab
482 1078 679 1127 Romano,
703 1080 792 1132 quid
815 1080 916 1119 filiae
938 1079 1189 1119 Hasdrubalis
1209 1079 1424 1118 timendum
1445 1079 1506 1128 sit,
1527 1078 1645 1118 vides.

224 1136 255 1174 si
287 1136 393 1175 nulla
415 1149 456 1175 re
478 1135 550 1175 alia
572 1143 703 1188 potes,
734 1143 861 1175 morte
892 1149 954 1175 me
984 1143 1026 1175 ut
1056 1137 1228 1175 vindices
1257 1149 1277 1175 a
1298 1135 1564 1175 Romanorum
1586 1148 1646 1175 ar-

167 1198 200 1230 17
224 1192 339 1231 bitrio
364 1205 431 1232 oro
463 1191 756 1244 obtestorque‘·,

797 1194 918 1232 forma
941 1200 1019 1232 erat
1042 1193 1208 1243 insignis
1230 1200 1265 1231 et
1287 1192 1562 1232 florentissima
1583 1204 1647 1232 ae-

224 1255 303 1287 tas:
327 1249 458 1300 itaque
479 1261 568 1287 cum
588 1250 696 1288 modo
717 1262 853 1300 yeruta,
875 1250 991 1288 modo
1015 1250 1185 1288 dextram
1207 1248 1446 1300 amplectens
1468 1249 1508 1288 in
1530 1249 1582 1298 id,
1599 1261 1648 1287 ne

225 1305 286 1344 cui
308 1305 485 1344 Romano
512 1305 744 1353 traderetur,
773 1307 888 1345 fidem
910 1313 1157 1358 exposceret,
1179 1305 1421 1357 propiusque
1441 1305 1647 1345 blanditias

225 1423 357 1472 zo'zaay,
397 1427 529 1460 scheint
560 1427 596 1461 L.
631 1428 723 1460 nicht
755 1427 904 1470 gekannt

226 1472 305 1505 oder
334 1471 532 1505 absichtlich
567 1472 659 1506 nicht
693 1473 830 1506 beriihrt
864 1483 903 1505 zu

225 1517 345 1550 haben.

275 1564 416 1596 12—14.
443 1565 561 1595 omnia
587 1563 674 1596 ohne
688 1565 804 1605 inquzt
821 1563 904 1596 nach

227 1611 269 1648 et,
295 1617 320 1640 s.
349 1609 379 1649 3,
411 1610 460 1648 11,
488 1610 545 1651 12;
572 1611 602 1649 6,
629 1611 660 1649 ’7,
685 1611 715 1649 3,
749 1608 817 1651 vgl.
850 1610 904 1650 28,

220 1655 280 1694 ΑΟ,
307 1656 337 1686 3.
363 1671 407 1677 ——
432 1655 470 1685 in
495 1655 587 1695 7zob.‚
619 1654 684 1686 wie
709 1664 738 1688 c,
765 1656 818 1695 25,
847 1656 902 1692 1ος

227 1700 281 1738 29,
309 1700 360 1741 16,
389 1701 423 1737 5;
451 1702 482 1739 5,
509 1701 561 1740 11,
592 1702 648 1733 16:
679 1701 716 1731 in
742 1701 786 1731 iis
809 1703 904 1741 pote-

227 1747 316 1775 state
340 1754 412 1775 uon
437 1746 501 1777 uti.
521 1764 564 1768 —
584 1745 738 1784 felicitas
763 1744 904 1777 wieder-

228 1788 358 1821 derholt
384 1788 443 1822 das
456 1789 490 1821 in
509 1789 562 1821 dii
574 1790 747 1822 dederunt
761 1789 906 1832 Gesagte

226 1843 294 1865 von
328 1833 418 1866 einer
451 1833 595 1867 anderen
627 1835 726 1867 Seite.
756 1854 799 1858 —
833 1835 903 1877 sed,

227 1878 305 1911 aber
348 1878 515 1912 vollziehe
553 1880 760 1922 wenigstens
801 1880 906 1912 selbst

227 1933 299 1956 was
325 1923 406 1956 fiber
430 1923 519 1956 mich
537 1924 700 1966 verli'angt
718 1924 770 1957 ist.
786 1944 828 1948 —
845 1925 905 1956 do-

227 1971 311 2000 min.
330 1970 423 2000 vitae
438 1980 483 2010 72„
509 1969 632 2002 ebenso
648 1970 736 2002 Curt.
751 1972 782 2009 4,
796 1972 827 2010 4,
843 1971 883 2003 22
897 1984 902 2007 ;

229 2013 306 2046 weil
325 2014 409 2047 nach
425 2024 453 2047 c.
471 2016 522 2054 14,
540 2016 579 2048 10
605 2014 698 2047 nicht
722 2014 821 2047 allein
847 2014 906 2048 der

228 2058 349 2101 Konig,
375 2058 520 2092 sondern
546 2060 649 2101 Alles,
675 2069 746 2092 was
763 2060 830 2092 ihm
849 2070 905 2102 ge-

229 2104 323 2136 horte
341 2104 400 2137 der
412 2104 704 2138 unbeschrankten
717 2104 829 2138 Macht
846 2105 904 2138 des

229 2148 362 2192 Siegers
394 2150 556 2182 versallen
589 2150 643 2183 ist.
668 2170 711 2173 —
735 2161 852 2182 vocem
877 2162 904 2183 s.

230 2205 286 2233 m.‚
319 2195 408 2227 Curt.
439 2198 471 2235 4,
498 2197 551 2235 28,
577 2197 637 2228 28:
671 2206 754 2227 num
789 2206 905 2228 vocem

230 2240 422 2282 supplicem
453 2242 572 2272 misit?
597 2260 623 2264 -
656 2252 720 2282 pet·
749 2243 843 2280 mall,
877 2251 904 2274 s.

231 2286 285 2326 29,
314 2286 363 2325 18,
391 2287 422 2318 9.
449 2304 492 2309 —
517 2296 640 2328 neque,
666 2296 693 2318 s.
719 2288 771 2327 24,
794 2289 824 2327 3,
847 2289 904 2325 14;

232 2331 284 2371 23,
312 2332 341 2371 3,
367 2332 398 2364 3.
423 2349 467 2354 —
492 2333 717 2372 cuiusquam,
741 2330 906 2364 Substan-

231 2375 357 2416 tivum,
388 2386 414 2408 s.
448 2378 502 2416 31,
533 2378 565 2416 9,
599 2377 636 2409 2;
672 2377 908 2418 oppugnandi

234 2422 458 2462 euz'usquam5
486 2424 537 2463 10,
555 2423 606 2461 19,
624 2423 680 2454 14:
700 2423 907 2463 cuiusquam

234 2464 361 2506 [mecm
387 2468 418 2506 4,
446 2469 498 2507 11,
525 2469 560 2505 6;
589 2469 618 2508 5,
645 2468 753 2506 46‚2;
781 2469 834 2506 35,
854 2468 908 2508 36,

233 2511 251 2542 4
272 2519 303 2542 u.
324 2519 368 2552 a.;
396 2510 546 2554 haufiger
570 2511 711 2544 braucht
728 2511 761 2544 L.
787 2512 907 2553 ullius,

234 2564 259 2587 8.
285 2555 339 2595 24,
364 2557 417 2595 47,
447 2559 504 2595 1ος
531 2558 584 2599 21,
611 2558 708 2599 5,12
733 2567 765 2589 u.
792 2566 821 2590 a.

1023 1430 1164 1461 15—16.
1199 1427 1318 1460 eadem
1351 1437 1501 1467 meeum,
1534 1436 1559 1459 s.
1594 1428 1648 1468 28,

974 1475 1101 1514 28,14;
1127 1473 1195 1516 vgl.
1222 1483 1250 1505 c.
1278 1474 1381 1512 27‚5;
1408 1471 1488 1505 Tac.
1513 1472 1577 1505 An.
1598 1474 1649 1513 15,

974 1520 1009 1551 2:
1040 1519 1134 1550 hunc
1159 1528 1223 1559 ego
1249 1518 1366 1550 eodem
1389 1527 1523 1549 mecum
1548 1521 1651 1559 patre

971 1566 1132 1605 genitum
1151 1583 1176 1586 -
1196 1561 1398 1595 deduaei.'—
1416 1563 1649 1604 alienigenae,

973 1609 1018 1641 im
1033 1608 1180 1641 Ausland
1199 1609 1361 1651 geboren;
1387 1609 1538 1647 externi,
1560 1607 1651 1640 dem·
1691 1608 1695 1611 *

975 1654 1090 1687 selben
1113 1654 1228 1687 seinen
1254 1653 1484 1696 burgerlichen
1498 1652 1651 1686 Verhalt-

975 1699 1087 1732 nissen
1114 1699 1197 1732 nach
1224 1698 1452 1741 angehorend.
1466 1717 1509 1722 —
1523 1698 1609 1740 quid
1622 1718 1649 1722 -

976 1745 1166 1776 timendum
1191 1747 1248 1785 sit,
1273 1743 1326 1776 die
1351 1743 1553 1786 Steigerung
1579 1746 1650 1776 ent-

974 1789 1045 1822 halt
1070 1800 1133 1822 nur
1157 1789 1220 1822 den
1240 1788 1351 1822 Grund
1376 1799 1417 1821 zu
1435 1788 1509 1821 dem
1535 1791 1574 1820 in
1600 1792 1649 1821 ta·

974 1846 1052 1866 men
1068 1855 1092 1858 -
1110 1835 1249 1866 mallem
1267 1833 1444 1876 liegenden
1459 1832 1652 1874 Gedanken,

975 1879 1033 1912 der
1057 1879 1184 1912 diesem
1209 1878 1474 1921 entsprechende
1507 1878 1593 1920 folgt
1617 1878 1650 1912 in

975 1924 1114 1957 andercr
1139 1925 1235 1957 Form
1270 1924 1302 1956 in
1335 1925 1368 1955 si
1391 1943 1418 1947 —
1442 1923 1599 1955 vindices
1623 1943 1650 1947 -

975 1980 1048 2001 oro.
1063 1972 1150 2001 —si
1167 1969 1266 2001 nulla
1286 1980 1318 2001 a.
1333 1979 1383 2009 re,
1407 1979 1434 2001 s.
1461 1970 1581 2009 28‚44,
1599 1971 1652 2003 18.

1023 2017 1108 2047 17-
1116 2016 1166 2047 18.
1200 2015 1317 2053 forma
1351 2018 1434 2054 etc„
1466 2013 1526 2047 Dio
1559 2014 1652 2047 Cass.

973 2061 1056 2099 srav.
1083 2062 1136 2099 57,
1161 2062 1222 2093 51·
1253 2055 1274 2101 ἢ
1299 2057 1522 2102 (Sophoniba)
1545 2057 1588 2092 τό
1612 2071 1652 2092 τε

974 2103 1097 2138 κάλλος
1122 2105 1293 2148 ἐπιφαιὲς
1316 2103 1385 2145 εἶχε
1419 2106 1491 2144 (καὶ
1515 2101 1583 2149 γὰρ
1607 2117 1651 2149 τῃ

975 2162 1172 2202 συμμετρία
1210 2151 1273 2182 Τοῦ
1297 2147 1473 2202 σώματος
1503 2151 1561 2181 καὶ
1596 2150 1650 2191 τῷ

975 2193 1084 2227 ἄνθει
1100 2206 1162 2236 της
1180 2191 1274 2240 ὥρας
1291 2193 1479 2247 ἢκμαζεν),
1496 2197 1556 2227 καὶ
1569 2206 1651 2227 παι-

977 2238 1055 2281 BELa
1092 2248 1204 2292 πΟΙΙιΙ
1242 2243 1301 2272 καὶ
1336 2251 1561 2286 γθαμματων
1592 2251 1653 2271 και

973 2285 1140 2329 μοισικῆς
1166 2277 1294 2327 ἴσκητο
1320 2290 1383 2318 etc
1403 2303 1442 2308 —
1466 2285 1568 2317 modo
1591 2294 1652 2326 ge-

975 2341 1066 2370 nua,
1093 2341 1119 2363 s.
1145 2332 1164 2372 ἓ
1193 2333 1252 2370 12,
1285 2330 1367 2363 oder
1395 2330 1446 2363 ein
1481 2329 1652 2363 ahnlicher

977 2375 1105 2417 Begiiff
1140 2356 1270 2408 scheirit
1317 2375 1541 2418 ausgefalle03
1590 2384 1653 2407 nur

976 2420 1145 2453 kiinstlich
1157 2421 1284 2453 konnte
1296 2421 1398 2453 modo
1409 2420 1469 2453 mit
1480 2422 1517 2452 in
1532 2419 1654 2452 idver-

976 2466 1111 2499 bunden
1137 2466 1285 2499 werden.
1311 2485 1354 2489 —
1377 2467 1526 2508 propius
1544 2464 1599 2504 bl„
1625 2474 1652 2497 s.

976 2513 1030 2552 28,
1055 2513 1110 2552 40,
1136 2513 1166 2552 9,
1191 2511 1253 2544 soll
1281 2511 1350 2543 hier
1374 2510 1434 2543 das
1459 2510 1554 2552 Folg.
1580 2519 1634 2541 mo

976 2557 1127 2598 tivieren,
1153 2556 1246 2589 nicht
1271 2557 1323 2588 ein
1337 2555 1485 2588 sriiheres
1500 2553 1652 2588 Verbalt-

1725 223 1732 703 „„ffl<.-.,-n--..-.-.me.
