1732 2840
119 153 144 173 a.
166 147 217 174 Ch.
238 147 296 174 209.

584 136 705 169 LIBER
730 136 858 169 xxvu.
906 136 998 169 CAP.
1030 138 1078 170 18.
1490 136 1542 174 53

119 251 186 298 (111,
209 250 358 302 equites
378 249 564 289 Numidas
585 250 805 301 leviumque
826 261 1024 289 armorum
1049 249 1205 289 Baliaris
1228 255 1267 289 et,
1288 250 1401 290 Afros
1424 251 1544 290 demi-

117 307 177 346 sit.
220 306 366 358 Scipio,
398 306 679 346 circumvectus
701 307 859 345 ordines
880 306 1091 357 signaque,
1123 306 1352 347 ostendebat
1377 307 1541 357 hostem,
1562 315 1580 347 S

117 363 387 415 praedamnata
424 376 493 414 spe
529 363 736 403 dimicandi
767 375 892 414 aequo
934 374 1069 414 campo
1105 368 1322 414 captantem
1360 364 1544 413 tumulos,

116 420 191 458 loci
220 419 358 458 fiducia
389 432 469 458 non
501 419 654 459 virtutis
684 431 960 471 armorumque
989 425 1091 458 stare
1128 419 1168 458 in
1200 426 1436 471 conspectu3
1476 421 1543 460 sed

114 476 249 516 altiora
271 476 422 515 moenia
445 475 626 515 habuisse
648 475 941 527 Carthaginem,
974 487 1072 527 quae
1103 477 1407 517 transcendisset
1434 478 1544 516 miles

115 532 334 580 Romanus;
367 545 440 572 nec
461 533 646 579 tumulos,
678 544 750 571 nec
771 544 921 580 arcem,
953 544 1002 571 ne
1024 543 1128 571 mare
1150 533 1307 583 quidem
1335 534 1451 572 armis
1474 534 1542 573 ob·
1563 542 1581 571 9

115 589 259 628 stitisse
281 589 374 629 suis.
415 589 460 628 ad
484 589 519 627 id
542 589 624 628 fore
646 589 883 636 altitudines,
906 601 1002 639 quas
1024 588 1221 640 cepissent
1242 589 1387 638 hostes,
1411 596 1452 629 ut
1474 602 1545 642 per

115 646 340 697 praecipitia
363 651 400 684 et
420 651 631 697 praerupta
661 646 843 685 salientes
873 646 1074 698 fugerent3
1106 657 1187 684 eam
1209 644 1376 699 :quoque
1405 659 1446 685 se
1469 647 1543 685 illis

115 704 244 753 sugam
266 702 504 742 clausurum.
546 703 807 753 cohortesque
838 702 933 741 duas
965 701 1123 742 alteram
1146 708 1280 742 tenere
1313 703 1444 742 fauces
1466 703 1543 742 val·
1567 710 1602 741 10

114 759 181 807 lis,
212 771 282 811 per
315 771 430 809 quam
461 759 679 798 deferretur
709 759 847 805 amnis,
880 758 1009 806 iubet,
1041 758 1200 798 alteram
1231 759 1327 798 viam
1362 760 1543 807 insidere,

114 828 212 867 quae
234 815 280 855 ab
303 815 399 854 urbe
421 828 491 867 per
513 815 653 855 tumuli
675 815 832 866 obliqua
854 816 893 854 in
916 827 1028 866 agros
1049 815 1179 854 ferret.
1223 815 1305 867 ipse
1327 816 1543 867 expeditos,

113 872 180 923 qui
215 872 341 924 pridie
373 873 560 911 stationes
592 872 762 911 hostium
792 872 1046 924 pepulerant,
1082 872 1129 910 ad
1159 871 1280 911 levem
1309 878 1542 911 armaturam

112 929 246 968 infimo
277 934 442 968 stantem
474 929 685 981 supercilio
716 928 833 968 ducit.
877 940 948 980 per
977 939 1112 978 aspera
1136 927 1285 978 primo,
1318 928 1415 967 nihil
1443 927 1546 966 aliud
1568 934 1603 966 11

113 997 229 1036 qua-m
251 986 307 1024 via
330 985 519 1036 impediti,
542 986 634 1024 iere.
677 985 830 1032 deinde,
853 991 896 1024 ut
913 984 985 1022 sub
1008 984 1126 1023 ictum
1147 991 1352 1032 venerunt,
1375 984 1543 1023 telorum

112 1042 239 1093 primo
261 1042 388 1081 omnis
411 1042 565 1092 generis
586 1041 641 1080 vis
659 1041 799 1092 ingens
822 1041 942 1080 effusa
959 1040 998 1078 in
1018 1052 1084 1079 eos
1102 1046 1173 1088 est,
1196 1040 1270 1091 ipsi
1288 1046 1424 1080 contra
1442 1053 1544 1088 saxa,
1567 1047 1602 1078 12

39 1134 41 1150 ,
62 1109 66 1112 ·
114 1111 212 1149 quae
229 1098 339 1137 locus
353 1104 471 1137 strata
489 1098 646 1149 passim,
669 1097 799 1136 omnia
817 1098 937 1136 ferme
955 1096 1128 1146 missilia,
1152 1097 1324 1148 praebet,
1348 1097 1540 1148 ingerere,

114 1167 191 1193 non
224 1154 363 1193 milites
399 1154 525 1194 solum
561 1154 627 1192 sed
667 1154 781 1193 etiam
816 1153 928 1194 turba
965 1153 1146 1192 calonum
1182 1153 1342 1192 inmixta
1373 1154 1541 1193 armatis.

110 1217 283 1250 ceterum
306 1223 541 1263 quamquam
562 1223 748 1250 ascensus
770 1209 937 1249 difficilis
962 1217 1055 1256 erat,
1079 1216 1115 1249 et
1134 1222 1256 1261 prope
1279 1209 1547 1249 obruebantur
1569 1216 1604 1248 13

111 1267 196 1307 telis
218 1267 412 1319 saxisque,
434 1267 690 1307 adsuetudine
707 1273 835 1306 tamen
858 1266 1093 1306 succedendi
1115 1278 1249 1305 muros
1272 1273 1308 1305 et
1330 1266 1542 1318 pertinacia

109 1366 209 1388 suam
222 1355 367 1395 faciles,·
385 1355 464 1389 Tac.
480 1357 558 1399 Agr.
576 1358 634 1389 21:
649 1358 686 1388 iu
701 1356 789 1388 bella

39 1384 43 1424 {-
109 1401 245 1441 facileS,
263 1401 396 1434 filmlich
413 1401 538 1441 faciles
555 1401 613 1444 ad,
639 1412 666 1434 c.
687 1403 736 1443 11,
752 1404 789 1440 5;

110 1446 221 1485 Quint.
252 1448 278 1486 1,
304 1448 335 1487 2,
354 1449 390 1485 4;
417 1446 554 1488 avidus,
579 1446 718 1478 utiliter
742 1449 791 1487 in,

39 1499 43 1535 ᾗ
110 1491 145 1526 L.
170 1492 224 1532 22,
249 1492 304 1532 21,
330 1493 367 1534 23
394 1494 426 1533 4,
452 1494 484 1533 6,
509 1494 540 1532 2,
575 1491 699 1525 ebenso
733 1491 792 1524 der

110 1537 221 1577 Datin
246 1546 272 1570 s.
298 1539 353 1577 40,
379 1539 433 1578 58,
460 1539 493 1575 1;
520 1538 574 1577 26,
602 1540 652 1577 15,
675 1539 702 1570 1.
729 1536 792 1569 Ρο-

111 1582 180 1626 lyb.
193 1581 298 1614 kennt
307 1581 399 1615 diese
413 1582 546 1615 niedere
558 1581 678 1615 Flache
689 1581 792 1615 nicht.

156 1628 255 1661 7-9,
282 1627 408 1668 Afros,
439 1627 524 1660 auch
550 1627 635 1660 dazu
660 1627 792 1660 scheint

112 1673 239 1705 levium
265 1683 410 1713 αντηοικ,
434 1683 460 1706 3.
487 1683 514 1705 e.
545 1674 595 1714 12,
609 1674 641 1713 9,
665 1682 706 1704 zu
732 1682 789 1714 ge·

112 1718 227 1758 horen,
253 1718 320 1760 vgl.
346 1719 400 1759 25,
427 1720 481 1758 34,
511 1719 549 1750 13
575 1727 608 1749 u.
635 1727 791 1749 a.—o1·-

111 1763 183 1795 din.
198 1773 238 1803 3.,
263 1763 316 1795 (118
331 1762 474 1805 Manipel
490 1767 586 1795 unter
599 1762 692 1795 ihren
706 1762 790 1794 Fah-

40 1820 46 1862 ζ
112 1818 188 1850 11811,
213 1817 240 1841 s.
264 1818 293 1841 c.
321 1810 349 1847 1,
380 1810 430 1841 10.
451 1827 495 1832 -
519 1807 790 1849 praedamnata,

111 1853 216 1887 sehon
242 1853 285 1885 im
313 1852 450 1895 Voraus,
477 1852 564 1886 ohne
590 1853 653 1886 den
672 1852 795 1895 Kampt'

111 1909 152 1931 zu
179 1907 308 1941 wagen,
334 1898 419 1931 habe
433 1909 468 1931 er
481 1898 534 1931 die
548 1897 717 1940 Hoffnung
733 1897 791 1929 ihn

113 1943 172 1976 mit
186 1943 299 1986 Ersolg
324 1953 364 1976 zu
391 1943 550 1977 bestehen
569 1943 791 1986 aufgegeben.

111 1989 158 2021 lm
190 1988 415 2032 eigentlichen
445 1989 548 2022 Sinne
582 1987 688 2020 findet
720 1987 792 2020 sich

112 2033 171 2067 das
197 2036 265 2067 erst
290 2033 342 2067 bei
357 2033 392 2066 L.
418 2033 681 2066 vorkomrnende
696 2033 793 2065 Wort

112 2081 143 2120 5,
170 2080 222 2121 11,
251 2080 300 2112 12.
328 2098 370 2103 ——
395 2079 526 2111 ostend.
543 2098 567 2102 —
583 2079 652 2119 sed,
679 2089 719 2110 zu
738 2080 791 2119 38,

113 2125 167 2164 22,
188 2125 220 2157 5.
244 2143 287 2148 —
314 2134 576 2166 armorumque,
603 2124 667 2156 wie
692 2124 790 2164 7‚34‚

116 2170 174 2205 122
201 2170 379 2210 21,10,12
399 2179 430 2202 u.
452 2179 496 2210 a.,
520 2168 606 2202 doch
632 2169 675 2202 ist
700 2168 790 2201 viell.

114 2213 174 2246 mit
199 2212 256 2246 der
279 2213 336 2256 Sp.
363 2214 419 2247 Hs.
457 2218 521 2246 aut
544 2224 725 2246 armorum
751 2223 792 2245 zu

116 2258 218 2298 lesen,
243 2268 270 2291 3.
295 2269 323 2291 8.
345 2261 397 2300 16,
420 2261 454 2297 1;
481 2261 513 2302 3,
527 2260 580 2299 42,
597 2261 635 2292 4;
660 2262 792 2290 natura

115 2304 184 2335 Ioci
208 2313 250 2335 ac
267 2304 372 2345 vallo,
397 2315 468 2336 non
496 2306 625 2336 vit-tute
650 2307 714 2336 aut
737 2314 793 2335 ar-

113 2351 246 2381 mis.—
264 2358 306 2380 ne
330 2359 375 2380 m.
395 2349 503 2391 quid„
529 2348 699 2391 steigernd
725 2348 793 2381 und

114 2392 330 2437 asyndetisch
355 2392 432 2426 Tac.
459 2394 495 2427 G.
521 2396 624 2433 7,37;
640 2396 683 2427 44
708 2403 793 2426 uSW.

113 2458 158 2462 —-
174 2438 221 2471 ad
244 2438 283 2470 id
307 2439 502 2472 bezeichnet
526 2439 596 2472 hier
612 2439 704 2471 mehr
729 2438 793 2471 den

114 2483 228 2526 Ersolg
253 2483 303 2516 als
328 2483 391 2516 den
406 2483 596 2517 Zweck.——
612 2484 715 2525 altit„
739 2485 793 2525 21,

116 2531 171 2570 30,
196 2531 226 2562 6.

165 2574 305 2607 10—12.
322 2573 418 2613 fauo.
439 2572 531 2612 vall„
557 2572 615 2606 der
632 2582 716 2615 enge
729 2572 792 2605 Zu-

861 1364 950 1397 gang
975 1364 1017 1386 zu
1042 1354 1118 1387 dem
1144 1353 1249 1387 Thale
1281 1354 1450 1387 zwisehen
1486 1354 1544 1388 der
1581 1353 1594 1367 ’

860 1399 954 1432 Ηὸ118
978 1399 1046 1432 1111(1
1061 1399 1136 1432 (18111
1151 1399 1257 1432 Fluss.
1274 1418 1317 1424 —-
1333 1399 1435 1441 oblz'q.
1457 1403 1541 1440 tum,

860 1445 981 1487 schrag
999 1454 1040 1477 an
1056 1463 1077 1467 -
1097 1445 1211 1486 hei-ab,
1237 1444 1306 1487 vgl.
1320 1446 1372 1483 29,
1390 1446 1444 1486 32,
1460 1447 1494 1482 7;
1510 1447 1543 1486 7,

865 1492 915 1530 15,
942 1493 980 1523 5:
1010 1490 1150 1532 obliquo
1175 1494 1313 1529 monte,·
1337 1491 1367 1531 9,
1388 1492 1418 1530 3,
1439 1491 1451 1522 1
1478 1500 1543 1532 per

862 1535 1010 1567 adversa
1035 1537 1219 1567 montium.
1261 1534 1319 1568 Die
1336 1535 1435 1568 Stadt
1451 1545 1543 1567 muss

861 1580 933 1613 also
968 1581 1053 1613 auch
1085 1590 1125 1612 an
1160 1580 1235 1613 dem
1262 1579 1368 1623 Berge
1402 1580 1544 1623 gelegen

859 1625 980 1658 haben.
1030 1624 1151 1668 Polyb.
1186 1625 1242 1657 hat
1274 1625 1332 1658 das
1363 1626 1383 1666 ξ
1413 1627 1452 1658 10
1485 1625 1543 1657 Ε1-

862 1670 996 1703 wahnte
1023 1670 1129 1708 nieht;
1161 1670 1246 1702 auch
1279 1670 1323 1703 ist
1356 1669 1441 1702 nach
1476 1669 1544 1702 ihm

862 1725 920 1758 gar
947 1714 1039 1747 nicht
1062 1725 1100 1748 so
1127 1714 1236 1748 sicher
1260 1715 1319 1747 auf
1348 1714 1401 1747 die
1425 1714 1544 1748 Flucht

861 1761 919 1793 der
934 1759 1057 1793 Feinde
1081 1770 1122 1792 zu
1144 1760 1302 1793 rechnen.
1318 1779 1362 1783 —
1378 1759 1542 1802 expedit..

861 1805 970 1838 Pol.c.
981 1807 1039 1839 39:
1059 1803 1139 1838 τοὺς
1149 1801 1188 1837 δὲ
1199 1803 1470 1850 γροσφομάχους
1482 1807 1543 1836 καὶ

860 1850 938 1883 τῶν
962 1851 1086 1890 πεζῶν
1106 1848 1190 1883 τοὺς
1203 1848 1407 1883 ἐπιλέκτους
1423 1853 1541 1889 (extra-

862 1895 1018 1928 ordinarii
1033 1905 1059 1928 3.
1074 1905 1102 1928 c,
1124 1897 1174 1935 12,
1193 1897 1254 1935 14).
1268 1914 1312 1919 —
1332 1895 1464 1935 infimo,
1489 1894 1542 1935 da,

862 1951 916 1973 wo
951 1940 1005 1973 die
1030 1943 1148 1973 untere
1173 1940 1294 1973 Flache
1319 1950 1371 1972 am
1398 1939 1542 1982 niedrig-

861 1990 936 2019 sten
962 1995 1049 2027 war,
1085 1989 1189 2018 unten
1213 1995 1266 2017 ani
1292 1984 1425 2025 Raude,
1451 1984 1543 2017 nicht

863 2031 1034 2070 inferior,
1068 2030 1131 2062 wie
1157 2031 1176 2073 ξ
1207 2032 1247 2063 14
1272 2030 1392 2062 altior.
1419 2048 1463 2054 -
1486 2040 1542 2061 su-

861 2076 1020 2118 percilio,
1046 2086 1074 2109 s.
1100 2077 1154 2116 25,
1177 2076 1296 2117 15,1·2.
1311 2085 1431 2117 —per
1455 2085 1542 2117 asp„

863 2123 916 2162 39,
939 2124 966 2160 1,
982 2124 1020 2159 5;
1046 2120 1102 2163 Sp.
1129 2120 1221 2152 hatte
1244 2130 1309 2162 per
1334 2123 1490 2162 aspreta,
1515 2129 1541 2152 s.

862 2177 902 2199 zu
927 2169 1040 2198 serata
1065 2166 1109 2197 im
1135 2165 1229 2208 Folg.
1254 2165 1346 2196 nihil
1370 2164 1427 2206 aL,
1458 2174 1484 2197 s.
1511 2166 1543 2205 2,

863 2214 894 2252 8,
920 2213 949 2245 8.
975 2230 1018 2234 ——
1043 2212 1105 2243 sub
1130 2212 1201 2251 iel„
1232 2211 1285 2248 26,
1311 2211 1365 2249 40,
1394 2212 1448 2247 10;
1487 2210 1542 2250 28,

863 2259 917 2296 30,
939 2258 969 2291 8.
994 2274 1032 2280 -
1061 2259 1177 2288 strata
1203 2259 1277 2295 etc„
1304 2254 1372 2297 vgl.
1387 2255 1418 2295 9,
1432 2255 1486 2296 24,
1502 2257 1540 2288 6:

861 2312 951 2334 saoea
978 2305 1082 2333 erant
1106 2305 1138 2333 et
1164 2304 1289 2332 temere
1312 2301 1479 2340 iacentia,
1503 2303 1543 2331 ut

862 2347 903 2387 fit
929 2349 965 2378 in
991 2348 1160 2388 aspretis,
1185 2349 1218 2377 et
1241 2364 1269 2368 -
1295 2348 1473 2386 congesta.
1498 2363 1542 2368 —

865 2392 1028 2424 calonum
1044 2390 1125 2424 wird
1141 2390 1227 2423 noch
1240 2389 1469 2433 nachtraglich
1484 2390 1541 2423 be-

864 2436 983 2469 merkt.

912 2483 1054 2515 13—14.
1080 2479 1275 2520 adsuetud„
1300 2491 1328 2513 c.
1354 2481 1406 2519 39,
1426 2483 1460 2518 7;
1486 2481 1541 2519 44,

863 2529 894 2568 5,
923 2528 973 2565 12,
999 2536 1059 2558 vor
1083 2525 1117 2559 L.
1142 2525 1250 2558 selten
1276 2525 1474 2568 gebraucht;
1506 2534 1542 2557 es

862 2572 906 2605 ist
929 2580 970 2603 an
997 2570 1050 2603 die
1063 2570 1257 2613 Eroberung
1275 2570 1457 2613 Carthagos
1484 2578 1542 2612 ge-
