1732 2840
63 134 89 153 a.
108 126 158 153 cn.
179 126 238 152 203.
525 115 651 147 LIBER
670 115 772 148 XXX.
821 115 911 149 CAP.
938 119 969 150 5.
994 118 1024 149 6.

1404 114 1476 153 101

61 236 143 269 tum
172 235 240 269 est.
288 229 339 268 ibi
371 228 503 281 Scipio
534 236 681 281 partem
713 230 912 281 copiarum
935 230 1065 269 Laelio
1088 229 1407 282 Masinissamque
1438 244 1482 270 ac
1502 239 1521 270 4

60 286 245 326 Numidas
265 285 461 332 attribuit,
484 292 519 325 et
542 293 661 325 castra
685 286 872 338 Syphacis
893 287 1071 326 invadere
1094 287 1280 339 ignesque
1302 288 1483 327 conicere

62 343 179 382 iubet.
229 341 405 393 singulos
439 343 578 382 deinde
614 343 818 395 separatim
859 342 1031 382 Laelium
1067 356 1111 382 ac
1146 343 1385 383 Masinissam
1422 357 1483 384 se-
1504 352 1522 382 5

60 400 197 439 ductos
218 399 451 446 obtestatur,
473 406 535 446 ut,
567 406 753 451 quantum
777 411 852 437 nox
874 400 1136 451 providentiae
1157 400 1310 446 adimat,
1332 406 1483 440 tantum

60 456 258 507 diligentia
290 456 467 508 expleant
499 468 681 508 curaque.
723 469 762 495 se
794 455 1073 495 Hasdrubalem
1102 456 1327 509 Punicaque
1361 463 1483 497 castra

60 513 335 564 adgressurum
349 543 358 560 ,
391 519 561 551 ceterum
585 525 662 551 non
685 520 774 552 ante
796 518 1026 564 coepturum
1041 543 1051 560 ,
1073 525 1188 564 quam
1209 514 1338 564 ignem
1360 515 1398 553 in
1421 527 1482 554 re·
1503 520 1523 552 6

60 569 134 620 giis
164 569 297 609 castris
329 570 606 621 conspexisset.
649 582 775 621 neque
805 581 846 608 ea
878 581 938 608 res
959 575 1106 608 morata
1135 570 1200 608 diu
1223 576 1299 609 est:
1333 583 1421 610 nam
1443 577 1485 611 ut
1503 578 1521 609 7

60 627 196 678 primis
227 626 326 665 casis
365 626 528 665 iniectus
565 625 667 676 ignis
695 626 839 673 haesit,
879 625 1070 677 extemplo
1102 626 1276 677 proxima
1308 640 1484 680 quaeque

61 690 98 722 et
128 683 313 734 deinceps
334 682 518 721 continua
541 681 742 734 amplexus
765 682 857 721 totis
879 694 920 721 se
941 682 1086 734 passim
1107 682 1306 735 dissipavit
1331 685 1481 723 castris.

60 739 311 791 ettrepidatio
324 739 492 790 quidem,
516 744 697 791 quantam
712 751 870 778 necesse
887 745 981 785 erat,
1004 739 1042 778 in
1055 745 1248 778 nocturno
1260 740 1382 779 effuso
1404 746 1480 780 tam
1501 746 1520 778 8

59 795 133 835 late
155 795 336 834 incendio
359 801 441 834 orta
464 801 541 843 est;
566 801 736 834 ceterum
760 795 983 842 fortuitum,
1008 808 1086 834 non
1109 795 1288 835 hostilem
1310 809 1353 835 ac
1374 797 1485 836 belli-

60 864 146 892 cum
176 853 306 903 ignem
335 852 406 890 rati
439 864 545 899 esse,
576 852 660 891 sine
692 853 808 891 armis
838 853 884 891 ad
913 852 1235 903 restinguendum
1258 853 1482 893 incendium

60 909 171 948 effusi
193 909 232 947 in
254 915 420 947 armatos
450 908 621 947 incidere
642 909 785 956 hostis,
817 909 981 947 maxime
1010 909 1196 947 Numidas
1215 909 1262 948 ab
1286 910 1485 949 Masinissa
1505 916 1525 948 9

59 965 193 1004 notitia
216 965 412 1014 regiorum
436 971 650 1004 castrorum
673 966 718 1004 ad
750 965 874 1004 exitus
896 965 1076 1004 itinerum
1110 965 1259 1004 idoneis
1289 965 1385 1005 locis
1406 967 1484 1005 dis-

59 1022 220 1074 positos.
271 1021 415 1059 multos
447 1022 485 1060 in
519 1022 612 1074 ipsis
641 1021 835 1061 cubilibus
865 1021 1122 1061 semisomnos
1152 1022 1279 1061 hausit
1310 1023 1482 1070 flamma3
1506 1028 1544 1061 10

29 1088 33 1091 ’
58 1078 170 1117 multi
193 1079 232 1116 in
255 1078 457 1129 praecipiti
481 1079 568 1129 fuga
598 1084 756 1117 ruentes
778 1091 897 1130 super
918 1078 1014 1117 alios
1035 1078 1098 1117 alii
1120 1079 1158 1116 in
1181 1079 1370 1130 angustiis
1391 1092 1483 1132 por-

58 1140 184 1174 tarum
207 1134 339 1172 obtriti
359 1142 462 1173 sunt.

173 1190 422 1230 Relucentem
437 1191 627 1230 flammam
645 1191 769 1243 primo
787 1190 920 1242 vigiles
937 1190 1326 1241 Carthaginiensium,
1343 1191 1482 1230 deinde
1506 1195 1530 1230 6

60 1248 212 1288 excitati
234 1247 298 1286 alii
322 1253 516 1286 nocturno
540 1247 708 1287 tumultu
731 1259 820 1287 cum
844 1247 1160 1298 conspexissent,
1192 1247 1238 1286 ab
1262 1248 1397 1286 eodem
1420 1261 1480 1287 er-

58 1317 146 1344 rore
163 1304 319 1344 credere
336 1309 372 1342 et
388 1304 462 1355 ipsi
485 1316 551 1343 sua
574 1311 713 1356 sponte
734 1304 958 1343 incendium
984 1308 1122 1349 ortum,
1146 1309 1183 1342 et
1204 1303 1359 1351 clamor,
1382 1304 1484 1344 inter
1512 1311 1532 1344 2

59 1382 123 1414 wie
137 1392 166 1414 c.
183 1382 236 1422 29,
251 1382 291 1413 2:
317 1383 473 1423 quinque
498 1382 634 1413 dierum
660 1384 738 1421 iter,

60 1427 113 1460 ein
140 1426 227 1468 Weg
252 1436 317 1458 von
345 1436 443 1466 usw.‚
468 1427 536 1469 vgl.
564 1428 594 1465 9,
620 1429 650 1468 9,
680 1429 734 1465 12;

59 1483 99 1505 zu
126 1473 178 1514 38,
205 1473 260 1514 59,
287 1474 323 1509 6;
348 1474 405 1511 44,
435 1475 462 1511 1,
487 1475 737 1513 4.—partem,

58 1517 131 1550 Pol.
157 1515 239 1550 τοὺς
263 1512 438 1558 ἦμίσεις-
458 1516 536 1548 τῶν
561 1526 736 1561 στρατιω-

59 1562 146 1596 τιῦν.
177 1581 220 1585 -
248 1561 342 1594 Lael.
370 1571 411 1593 ac
437 1560 536 1597 Μαε..
571 1571 738 1604 genauere

61 1607 293 1649 Bestimmung
319 1617 358 1638 zu
385 1607 547 1647 singulos
571 1611 736 1648 separat„

56 1652 159 1694 jeden
186 1651 364 1684 Einzelnen
391 1662 456 1683 von
485 1651 607 1684 Beiden
635 1652 737 1694 abge-

59 1697 206 1731 sondert.
264 1697 383 1740 Polyb.
424 1696 478 1729 hat
519 1697 633 1730 diesen
667 1697 738 1740 Zug

61 1742 163 1782 nicht,
189 1741 332 1775 sondern
360 1752 421 1774 nur
439 1741 492 1774 die
505 1742 584 1785 folg.
600 1742 737 1774 Ermah-

60 1798 163 1830 nung.
187 1807 231 1812 —
257 1788 433 1829 expleant,
459 1785 736 1833 σψκεκπληροῦν,

61 1833 119 1866 das
143 1831 312 1866 Fehlende
338 1833 512 1875 erganzen.

107 1879 206 1912 7—8.
229 1880 356 1920 primis
381 1881 423 1911 st.
448 1880 643 1919 ρνοαιὴηιέ,
672 1878 736 1910 wie

61 1923 197 1967 Polyb.:
224 1920 372 1967 πρώτας
396 1919 535 1965 σκηνάς,
564 1922 736 1963 (Gronov).

61 1970 240 2010 —lzaesz'l‚
268 1968 316 2001 als
342 1968 395 2001 die
414 1969 535 2001 Hiitten
551 1969 655 2001 Feuer
680 1978 739 2011 ge-

62 2014 183 2056 sangen
210 2013 335 2046 hatten.
363 2032 402 2037 —
429 2016 596 2055 promima
613 2033 638 2036 —
655 2024 738 2045 con-

64 2061 185 2099 tinua,
209 2058 326 2091 immer
350 2058 410 2091 das
436 2058 582 2092 Nachste
610 2058 674 2090 und
702 2068 739 2091 so

63 2103 180 2137 weiter
196 2103 260 2136 sort
277 2102 335 2136 das
349 2104 419 2137 sich
435 2103 736 2145 Anschliessende3

64 2148 182 2192 Polyb.
209 2159 237 2182 c.
256 2151 294 2181 4:
321 2145 377 2180 διά
402 2161 442 2182 τε
465 2147 532 2190 τὴν
557 2151 741 2189 συνέχειαν

63 2195 141 2227 τῶν
175 2193 320 2235 σκηνῶν
353 2196 411 2225 καὶ
445 2191 495 2226 Bu*
533 2193 574 2227 τὸ
599 2192 740 2235 πλῆθος

62 2239 125 2281 τῆς
148 2234 381 2281 ὑποκειμένης
403 2235 495 2280 ὕλης.
513 2258 556 2263 -—
582 2245 614 2272 el
629 2240 739 2281 quid„

63 2286 117 2321 27,
153 2287 207 2326 34,
233 2285 263 2317 2.
297 2303 340 2307 —
371 2288 539 2326 quantam
571 2295 603 2318 n.
637 2286 740 2324 oriri,

63 2330 133 2372 vgl.
170 2331 200 2369 3,
238 2330 288 2369 13,
314 2330 354 2360 7:
388 2339 524 2361 sumam
555 2332 739 2372 pecuniae,

65 2379 234 2417 quantam
260 2383 380 2405 aecum
395 2378 480 2406 esset
503 2377 684 2416 promz'lti5
709 2376 739 2415 6,

65 2422 118 2462 26,
151 2421 188 2453 2;
231 2419 395 2461 precibus
427 2423 585 2452 eventum
616 2422 740 2452 vestris

64 2469 219 2506 senatus,
237 2474 336 2506 quem
351 2464 537 2505 videbitur,
555 2465 662 2505 dabit,
687 2464 739 2497 bei

66 2509 123 2542 der
147 2510 218 2543 hds.
236 2510 351 2542 Lesart
376 2513 509 2551 quanta
533 2513 659 2543 musste
684 2509 742 2542 der

67 2555 267 2597 Conjunctiv
284 2555 419 2598 erganzt
436 2554 581 2595 werden,
607 2555 664 2588 der
688 2555 739 2586 bei

808 1381 915 1413 dieser
925 1380 1112 1413 Attraction
1124 1380 1213 1413 nicht
1228 1380 1371 1423 passend
1384 1382 1482 1424 w'are,

809 1436 907 1459 wenn
934 1436 968 1458 er
985 1425 1056 1458 sich
1074 1426 1158 1458 auch
1174 1428 1269 1459 sonst
1283 1426 1334 1458 bei
1348 1437 1484 1459 necesse

809 1475 860 1502 est
884 1470 998 1503 findet.
1023 1490 1068 1495 -—
1093 1471 1237 1503 bellicus
1262 1473 1377 1513 ignis,
1409 1472 1483 1505 eine

807 1515 1090 1559 ungewohnliche
1104 1515 1322 1558 Verbindung
1337 1516 1402 1549 und
1416 1517 1483 1549 wol

808 1571 870 1593 nur
895 1561 1043 1604 gew'ahlt
1068 1572 1122 1594 um
1143 1561 1207 1594 den
1225 1561 1327 1594 durch
1347 1562 1484 1594 hostilis

807 1606 1055 1649 angedeuteten
1075 1606 1263 1649 Gegensatz
1289 1617 1329 1639 zu
1355 1607 1484 1646 fortui-

809 1655 879 1683 tum
895 1651 1040 1684 scitarier
1057 1662 1097 1684 zu
1117 1651 1336 1684 bezeichnen:
1364 1652 1414 1684 fiir
1431 1652 1485 1685 die

807 1696 950 1729 Zwecke
983 1696 1042 1729 des
1075 1696 1213 1739 Krieges
1245 1696 1482 1740 beabsichtigt‚

807 1752 833 1774 s.
861 1741 932 1774 Pol.
959 1751 986 1774 c.
1013 1745 1044 1780 5,
1069 1745 1099 1775 5.

853 1788 975 1820 9—10.
1001 1789 1140 1825 notitia,
1165 1787 1197 1818 in
1224 1786 1337 1829 Folge‚
1364 1797 1433 1820 s.c.
1450 1789 1482 1828 4,

807 1835 845 1874 ’ῖς
872 1834 904 1873 4,
933 1833 982 1872 19,
1009 1834 1044 1870 6;
1072 1833 1125 1872 28,
1156 1834 1205 1872 11,
1232 1833 1262 1865 9.
1295 1852 1329 1855 «-
1357 1832 1484 1864 multos

806 1877 890 1910 nach
914 1877 971 1909 der
985 1875 1041 1919 Sp.
1057 1876 1147 1918 Hds.‚
1173 1886 1208 1910 es
1233 1876 1316 1910 fehlt
1333 1877 1376 1909 im
1392 1878 1483 1915 Pnt.;

807 1922 860 1954 die
886 1922 1076 1955 Construct.
1108 1923 1199 1954 ware
1233 1921 1318 1954 dann
1350 1922 1483 1956 abnlich

808 1967 865 2000 der
891 1970 921 2008 3,
936 1969 988 2008 37,
1005 1969 1039 2005 8;
1066 1970 1097 2008 4,
1111 1969 1233 2007 33,11.
1246 1986 1290 1991 -
1306 1970 1341 1999 in
1363 1978 1484 2009 praec.

807 2013 846 2053 fl,
871 2013 924 2045 bei
950 2012 1008 2045 der
1033 2032 1059 2036 -
1086 2012 1215 2050 Flucht,
1241 2023 1266 2045 s.
1293 2014 1346 2051 21,
1372 2014 1425 2053 39,
1443 2014 1482 2045 3:

808 2061 844 2089 in
870 2060 969 2089 novis
988 2059 1211 2099 ignominiis5
1237 2059 1290 2098 29,
1308 2059 1359 2098 16,
1373 2059 1409 2099 2;
1430 2059 1483 2098 23,

808 2105 840 2143 9,
865 2106 901 2141 6;
928 2105 982 2143 44,
1001 2105 1054 2143 35,
1073 2104 1129 2144 12;
1155 2102 1286 2135 Andere
1311 2102 1419 2135 lassen
1446 2104 1484 2134 in

809 2158 895 2191 weg.
920 2167 963 2201 -ῗ
987 2153 1062 2190 sup.
1090 2147 1135 2180 al.
1163 2147 1224 2187 ul„
1256 2157 1282 2179 s.
1316 2150 1343 2188 1,
1368 2149 1422 2188 25,
1448 2150 1483 2185 5;

810 2194 1014 2272 22’65’1—0—2.
1043 2237 1149 2269 relue.
1172 2240 1267 2269 sonst
1283 2236 1376 2269 mehr
1393 2235 1485 2270 dich-

811 2282 942 2316 terisch.
961 2300 999 2306 —-
1028 2284 1180 2314 excitati
1203 2285 1276 2319 etc.,
1302 2281 1438 2324 vgl.29‚
1451 2284 1482 2323 6,

813 2329 976 2361 12.-ab
1003 2328 1077 2360 eod.
1107 2338 1166 2367 ern,
1191 2328 1404 2367 s.27‚17‚5;
1431 2329 1483 2368 43,

813 2375 864 2415 13,
895 2376 929 2416 1;
957 2375 1010 2413 38,
1036 2375 1088 2411 50,
1115 2374 1171 2409 12;
1198 2371 1359 2414 haufiger‚
1386 2381 1483 2405 wenn

811 2419 883 2452 eine
901 2416 1133 2451 Leidenscbast
1157 2416 1238 2449 oder
1257 2416 1484 2450 Willensrich-

811 2468 895 2506 tung
921 2463 980 2495 das
1004 2462 1107 2495 Motiv
1133 2463 1195 2494 ist:
1231 2463 1273 2494 ab
1299 2464 1364 2502 ira,
1391 2462 1483 2504 odio,

810 2509 879 2551 vgl.
905 2510 959 2550 28,
988 2510 1037 2547 19,
1060 2509 1097 2543 9;
1125 2507 1296 2540 bisweilen
1322 2507 1404 2540 anch
1432 2507 1484 2539 bei

813 2554 967 2587 ausseren
983 2551 1149 2593 Grunden,
1165 2562 1190 2585 s.
1205 2553 1259 2593 25,
1275 2554 1328 2594 26,
1344 2555 1374 2586 7.
1412 2552 1484 2584 cla-
