1732 2840
200 130 223 167 4
644 130 768 164 LIBER
794 129 922 164 XXVII.
971 129 1066 164 GAP.
1098 133 1123 163 1.
1150 132 1179 163 2.

1469 149 1493 171 a.
1515 149 1546 169 u.
1567 135 1628 168 '5-14.

199 246 396 285 Romanos
429 245 632 297 comperit,
664 258 737 285 nec
757 257 981 285 mansuram
1002 245 1042 284 in
1066 246 1153 295 fide,
1183 245 1215 284 si
1246 246 1336 284 inde
1365 244 1628 292 abscessisset,

200 303 450 342 multitudine
472 302 578 342 omni
600 301 870 354 Metapontum
892 314 936 341 ac
957 302 1126 342 Thurios
1148 302 1322 342 traducta
1345 301 1538 350 incendit;
1562 313 1628 340 oc-

203 358 293 398 cidit
313 359 527 412 principes,
561 358 627 410 qui
647 371 735 399 cum
756 359 891 398 Fulvio
915 358 1123 410 conloquia
1145 359 1297 398 occulta
1317 358 1500 398 habuisse
1522 370 1628 397 com-

144 422 179 455 15
201 416 301 468 perti
323 422 427 456 sunt.
475 416 653 466 Romani,
676 416 743 468 qui
766 429 811 455 ex
832 421 938 456 tanta
960 415 1067 455 clade
1088 422 1300 463 evaserant,
1335 415 1495 454 diversis
1516 414 1630 453 itine-

203 472 312 512 ribus
327 485 537 512 semermes
554 473 600 512 ad
616 473 843 512 Marcellum
861 472 1063 511 consulem
1081 472 1121 511 in
1138 472 1340 512 Samnium
1358 472 1629 523 perfugerunt.

318 529 523 569 Marcellus
545 529 642 568 nihil
662 529 869 569 admodum
886 534 990 568 tanta
1007 529 1113 568 clade
1130 529 1289 568 territus
1305 529 1454 567 litteras
1469 527 1631 567 Romam

203 585 248 625 ad
275 592 454 626 senatum
484 586 530 625 de
560 586 658 625 duce
690 593 727 626 et
757 586 927 625 exercitu
958 585 1001 627 ad
1024 585 1270 625 Herdoneam
1301 585 1443 624 amisso
1475 585 1630 631 scribit3

163 650 182 681 2
203 647 376 682 ceterum
399 643 565 682 eundem
589 655 643 692 se,
666 643 732 694 qni
755 648 843 694 post
860 642 1104 681 Cannensem
1126 654 1297 694 pugnam
1319 642 1491 682 ferocem
1511 641 1632 680 victo-

184 698 260 755 'ria
283 698 539 738 Hannibalem
563 699 817 749 contudisset,
848 699 904 739 ire
926 700 1108 738 adversus
1135 711 1237 747 eum,
1268 699 1423 738 brevem
1444 697 1501 738 illi
1522 698 1633 738 laeti-

163 762 181 793 3
203 755 305 801 tiam,
330 768 404 807 qua
423 756 579 803 exultet,
602 756 811 795 facturum.
849 762 886 796 et
902 755 1047 795 Romae
1064 756 1221 807 quidem
1239 768 1328 795 cum
1345 755 1475 794 luctus
1493 755 1633 806 ingens

163 819 181 849 4
203 824 248 850 ex
270 812 495 863 praete1·it0‚
527 817 609 851 tum
630 812 747 851 timor
776 812 815 851 in
840 813 1015 852 futurum
1037 818 1130 852 erat.
1172 812 1311 852 consul
1334 824 1378 851 ex
1404 811 1562 851 Samnio
1593 811 1632 850 in

204 868 385 908 Lucanos
414 874 683 920 transgressus
712 869 757 908 ad
778 868 1072 908 Numistronem
1102 869 1141 907 in
1169 874 1383 920 conspectu
1405 867 1635 908 Hannibalis

165 931 182 961 5
204 924 290 963 loco
313 925 443 976 plano,
467 937 555 964 cum
578 925 734 965 Poenus
757 925 896 965 collem
917 930 1081 973 teneret,
1104 926 1236 976 posuit
1259 930 1394 964 castra.
1433 924 1576 964 addidit
1598 932 1635 964 et

205 980 316 1020 aliam
339 981 493 1021 fidentis
516 981 700 1033 speeiem,
723 982 828 1033 quod
850 982 959 1033 prior
980 982 1019 1020 in
1042 981 1163 1020 aciem
1187 981 1331 1029 eduxit,
1354 993 1427 1020 nec
1449 982 1635 1020 detracta-

206 1037 257 1077 vit
279 1037 492 1086 Hannibal,
526 1044 569 1076 ut
602 1039 712 1090 signa
733 1039 858 1090 portis
881 1038 1008 1077 efferri
1036 1037 1147 1076 vidit:
1181 1038 1231 1076 ita
1262 1043 1390 1077 tamen
1421 1038 1543 1077 aciem
1575 1038 1636 1076 in-

207 1099 447 1142 struxerunt,
471 1099 513 1133 ut
529 1094 685 1134 Poenus
703 1095 880 1134 dextrum
899 1106 1023 1134 cornu
1045 1093 1085 1133 in
1108 1094 1247 1133 collem
1272 1094 1449 1145 erigeret,
1472 1094 1638 1133 Romani

167 1157 185 1188 6
207 1151 409 1190 sinistrum
433 1151 479 1189 ad
501 1151 689 1203 oppidum
707 1151 961 1203 adplicarent.
997 1150 1043 1189 ab
1065 1150 1161 1189 hola
1182 1151 1295 1189 tertia
1312 1162 1400 1190 cum
1418 1150 1462 1190 ad
1481 1156 1638 1190 noctem

208 1239 510 1282 nichtgekommen
523 1240 622 1272 ware.
632 1258 668 1264 —
685 1242 783 1282 qui—
794 1243 887 1281 sunt,

207 1285 273 1328 vgl.
301 1286 354 1325 30,
382 1286 435 1323 39,
462 1287 496 1323 7;
522 1284 674 1328 dagegen
700 1287 755 1327 42,
777 1287 832 1327 38,
851 1287 886 1318 2:

208 1340 308 1372 quem
333 1329 456 1368 favere
479 1349 506 1354 -
530 1334 746 1372 compertum
773 1334 830 1362 est.
846 1349 889 1354 -

209 1376 356 1407 α’ίυενεις
391 1377 427 1408 el.
463 1378 536 1410 etc.
570 1374 723 1418 dagegen
756 1375 888 1426 Appian

210 1421 229 1453 l.
246 1420 282 1453 l:
309 1418 344 1452 οἱ
369 1417 487 1453 λοιποὶ
513 1401 550 1452 3'
578 1420 612 1452 ἐς
635 1433 671 1452 τι
695 1420 800 1463 χεῖμα
819 1418 889 1474 πρὸ

208 1465 271 1498 τοῦ
286 1462 534 1511 στοατοπέὃου
546 1460 792 1518 ἀναθορόντες
804 1460 889 1497 αυτό

208 1523 248 1543 τε
273 1495 454 1543 διέσωσαν
479 1529 522 1534 —-
548 1512 606 1542 καὶ
631 1509 696 1543 τὸν
716 1508 890 1562 Ἀννίβαν

210 1551 397 1588 ἐκώλυσαν
422 1553 548 1598 λαβεῖν
560 1553 602 1588 τὸ
629 1552 890 1600 στρατόπεδον.

255 1599 536 1635 2.1-3.221l1il
560 1601 710 1642 admod„
741 1601 834 1634 nicht
858 1601 891 1633 in

211 1646 332 1678 hohem
360 1645 478 1685 Grade,
504 1645 595 1678 nieht
621 1645 822 1679 sonderlich.
848 1665 892 1670 —

212 1695 386 1731 ceterum,
420 1691 501 1733 geht
533 1690 591 1723 aus
614 1693 757 1723 amisso:
793 1701 892 1724 wenn

212 1735 297 1769 auch
323 1735 433 1769 dieses
459 1736 543 1768 Heer
574 1736 728 1769 verloren
754 1737 825 1778 sei,
854 1747 891 1769 so

213 1780 323 1813 werde
349 1791 383 1813 er
408 1791 491 1813 usw.
518 1799 561 1805 —
585 1780 739 1820 ferocem
765 1781 893 1814 entbalt

212 1825 366 1869 zugleich
390 1826 464 1859 eine
478 1825 716 1869 Einrfiumung,
741 1826 785 1859 ist
803 1826 894 1859 nicht

213 1871 343 1904 blosses
368 1871 528 1913 Attribut,
555 1870 658 1904 daher
683 1871 735 1903 die
755 1871 895 1903 Verbin-

213 1915 304 1958 dung
331 1916 392 1948 mit
417 1915 490 1948 dem
514 1925 602 1948 nom.
618 1916 788 1958 proprium
804 1915 896 1949 nicht

214 1960 406 2001 auffauend,
433 1971 459 1993 s.
489 1963 517 2001 1,
536 1962 590 2001 46,
605 1963 692 1994 6.-
710 1963 760 1993 ire
786 1962 894 2003 (Jetzt‚

656 2006 726 2048 vgl.
752 2017 779 2039 c.
804 2008 836 2047 6,
862 2009 893 2039 5.

596 2050 896 2084 nachdrfickliches

216 2095 433 2139 Asyndeton,
468 2096 536 2138 vgl.
570 2096 655 2129 auch
689 2098 743 2138 25,
776 2099 830 2136 41,
861 2099 896 2129 1:

216 2141 424 2182 Marcellus,
463 2143 525 2183 qui
554 2141 788 2174 Hannibalem
819 2142 897 2173 sub—

216 2189 342 2218 nz'aeum
367 2188 518 2218 victoria
547 2185 723 2219 Cannensi
747 2187 788 2218 ab
803 2185 896 2219 Nola

217 2231 440 2274 reppulisset,
466 2233 519 2270 26,
535 2233 588 2272 51,
605 2233 657 2264 13.
672 2250 715 2256 —-
734 2235 767 2263 ec
780 2251 808 2255 —
822 2233 898 2274 qui-

220 2276 296 2309 dem
323 2276 411 2309 ohne
436 2275 611 2320 solgendes
634 2277 696 2308 sed
720 2276 784 2308 wie
810 2278 841 2318 2,
866 2278 896 2318 2,

220 2323 258 2363 93
284 2323 339 2363 41,
368 2323 420 2362 19,
447 2323 480 2354 3:
507 2331 548 2354 zu
566 2321 650 2353 Rom
675 2321 800 2354 sreilich
829 2325 898 2354 ent-

219 2365 375 2399 stand—
390 2366 468 2399 aber
486 2366 543 2399 der
558 2366 691 2400 Consul.
718 2366 804 2399 Plut.
825 2366 897 2400 1.1.;

219 2413 278 2443 καὶ
290 2422 405 2443 ταυτα
419 2424 486 2453 μεν
512 2424 530 2443 0
542 2408 673 2465 Λίβιός
686 2422 802 2464 φησιν
813 2406 832 2443 ι’.
837 2423 899 2444 να-

219 2455 441 2509 γνωσθέντα
471 2454 515 2488 τὰ
538 2453 606 2510 γρά
634 2469 731 2508 ματα
759 2455 807 2499 μὴ
830 2456 899 2510 τῆς

222 2499 333 2543 λύπης
367 2497 529 2545 ἀφελεῖν,
574 2497 596 2533 ἀ
620 2499 662 2534 λὰ
701 2501 755 2544 τῷ
794 2498 898 2546 φόβῳ

221 2545 453 2598 προσθεῖναι,
477 2546 556 2579 τῶν
568 2542 752 2600 Ρωμαίων
776 2547 900 2589 μεῖζον

221 2588 429 2636 ἡγουμένων
459 2591 524 2625 voi
545 2588 732 2637 γεγονότος
761 2590 803 2625 τὸ
827 2605 899 2625 κιν-

215 2005 377 2049 sogleich)
402 2024 447 2030 —
470 2005 625 2046 factm„

214 2070 259 2074 —
295 2052 430 2083 brevem
468 2054 549 2090 etc„

958 1235 1206 1291 δυνευόμενον
1232 1234 1305 1280 ὅσῳ
1322 1236 1501 1281 Φοῑλβιου
1526 1241 1640 1283 xpel-‘c

956 1296 1035 1317 των
1050 1284 1094 1325 ἠν
1109 1281 1324 1329 Μάρκελλος,
1342 1284 1473 1317 scheint
1491 1283 1554 1316 den
1573 1293 1640 1316 von

956 1330 992 1364 L.
1019 1339 1081 1362 nur
1095 1314 1343 1371 angedeuteten
1358 1328 1540 1362 Gedanken
1559 1329 1638 1362 wei-

959 1378 1009 1407 ter
1033 1374 1232 1417 ausgeftihit
1260 1385 1299 1406 zu
1326 1373 1454 1416 haben,
1489 1384 1527 1407 so
1562 1373 1641 1408 dass

959 1419 1051 1452 nicht
1079 1422 1185 1452 timor·
1209 1421 1325 1452 maior
1342 1419 1426 1452 nach
1446 1419 1641 1452 demselben

959 1475 1000 1497 zu
1025 1465 1133 1506 lesen,
1155 1464 1300 1498 sondern
1325 1467 1451 1507 ingens
1475 1464 1560 1497 auch
1585 1464 1645 1497 auf

963 1512 1069 1542 timor
1094 1520 1134 1542 zu
1159 1510 1321 1543 beziehen
1346 1510 1401 1550 ist,
1426 1509 1493 1553 vgl.
1509 1511 1584 1551 9,9,
1601 1511 1641 1544 13

962 1559 1025 1588 auc
1051 1556 1236 1587 victoriam
1262 1559 1394 1587 ceream
1416 1558 1479 1587 aut
1496 1565 1641 1598 paoem5

961 1601 1005 1635 ib.
1032 1602 1064 1641 9,
1089 1602 1143 1642 37,
1173 1602 1211 1633 10
1237 1611 1267 1632 u.
1295 1610 1382 1633 a.—
1402 1611 1446 1632 εω-
1469 1603 1642 1643 praet.—

961 1648 998 1677 in
1023 1645 1101 1684 fut„
1129 1645 1197 1688 vgl.
1220 1647 1273 1687 30,
1292 1648 1343 1685 17,
1361 1647 1393 1678 1:
1422 1649 1454 1677 et
1477 1648 1515 1677 in
1537 1656 1643 1688 prae—

962 1701 1038 1723 sens
1074 1691 1212 1722 laetitia
1246 1694 1278 1723 ec
1308 1693 1346 1722 z'n
1377 1691 1540 1729 futurum
1564 1701 1644 1733 spe,-

965 1738 1018 1777 10,
1044 1738 1098 1776 45,
1129 1737 1185 1774 12;
1212 1746 1257 1768 ea>
1282 1746 1406 1778 aequo.

1008 1783 1108 1814 4-5,
1145 1781 1192 1813 ad
1230 1780 1473 1821 Numistron„
1518 1780 1643 1814 ebenso

963 1826 1145 1866 Plutarch.,
1171 1825 1257 1858 Plin.
1283 1827 1455 1867 3‚11,98:
1481 1825 1644 1858 mediter-

964 1873 1067 1903 ranei
1091 1890 1117 1894 -
1142 1870 1372 1902 Lucanorum
1386 1890 1412 1893 —
1433 1870 1646 1904 Volcentani

964 1918 1004 1957 (S.
1036 1917 1144 1957 c.15‚
1173 1916 1221 1956 1),
1256 1916 1381 1957 quibus
1412 1915 1646 1948 Numestrani

965 1963 1190 2001 iunguntum
1214 1960 1256 1993 da
1281 1960 1465 2003 Hannibal,
1491 1971 1517 1994 s.
1545 1962 1565 2002 ξ
1594 1964 1646 2002 11,

966 2005 1051 2038 nach
1071 2005 1213 2038 Venusia
1228 2005 1327 2047 zieht,
1343 2006 1386 2038 ist
1399 2005 1453 2039 die
1466 2005 1563 2039 Stadt
1576 1987 1646 2039 wol'

967 2060 1007 2083 an
1034 2050 1092 2083 der
1105 2050 1231 2083 Grenze
1245 2032 1406 2094 Apuliens
1429 2051 1464 2084 in
1476 2051 1644 2084 Lucanien

967 2106 1007 2127 zu
1033 2096 1171 2136 suchen,
1197 2095 1288 2128 nicht
1314 2096 1398 2129 nach
1420 2096 1574 2130 Anderen
1599 2097 1645 2129 im

966 2140 1078 2173 Laude
1114 2140 1172 2173 der
1208 2140 1369 2182 Bruttier‚
1408 2141 1538 2174 stidlich
1578 2151 1645 2174 von

968 2186 1157 2219 Consentia.
1184 2205 1227 2209 —
1252 2186 1410 2228 fidentis,
1445 2186 1554 2220 seiner
1582 2186 1645 2219 Zu-

967 2231 1124 2273 versicht,
1150 2242 1175 2264 s.
1197 2242 1239 2264 zu
1254 2233 1306 2271 26,
1320 2233 1375 2274 27,
1393 2233 1442 2264 16.
1458 2250 1501 2255 ——-
1517 2235 1645 2272 tamen,

968 2276 1172 2319 ungeachtet
1185 2276 1294 2309 dieser
1305 2275 1501 2309 Zuversicht
1518 2276 1645 2310 suchen

967 2320 1053 2353 doch
1079 2321 1176 2354 beide
1201 2321 1379 2354 Feldherrn
1406 2319 1644 2365 Stiitzpunkte,

967 2366 1139 2399 verlassen
1165 2366 1235 2399 sich
1260 2365 1353 2399 nicht
1377 2366 1478 2400 allein
1503 2366 1561 2399 auf
1574 2366 1645 2399 ihre

967 2411 1081 2444 Heere⁴
1129 2410 1195 2444 Das
1219 2411 1384 2444 romische
1413 2411 1457 2445 ist
1483 2411 1546 2444 wie
1570 2421 1598 2444 c.
1627 2413 1642 2445 1

968 2456 1180 2499 ausgestellt3
1219 2455 1271 2489 die
1304 2455 1645 2490 Leichtbewaffneten

968 2500 1153 2534 eroffneten
1178 2501 1238 2534 das
1262 2500 1410 2534 Gefecht.

1014 2549 1044 2580 6.
1070 2548 1112 2578 ab
1139 2548 1227 2579 hora
1252 2550 1274 2578 t.
1297 2566 1323 2569 —
1325 2549 1495 2598 noctem,
1519 2545 1645 2579 ebenso

967 2591 1159 2625 Plutarchl.
1174 2591 1195 2624 1.
1221 2586 1293 2624 ἀπὸ
1313 2586 1407 2636 ὥρας
1422 2593 1543 2636 τρίτης
1562 2601 1647 2633 συμ-
