1732 2840
59 86 86 110 ⁸.
107 79 158 107 Ch·
177 80 236 108 206.

479 67 602 102 LIBER
626 67 770 100 xxvlll.
817 67 909 101 CAP.
938 70 989 102 14.
1019 70 1069 104 15.

1398 65 1476 104 163

59 183 244 224 cornibus
266 194 354 222 cum
376 182 498 221 ternis
520 181 692 233 peditum
715 181 942 221 cohortibus
973 182 1173 233 ternisque
1195 182 1369 234 equitum
1392 189 1476 222 tur-

56 240 143 289 mis,
165 240 211 280 ad
233 240 307 279 hoc
322 237 514 286 velitibus,
536 238 651 278 citato
674 238 793 289 gradu
810 238 850 277 in
872 238 1024 278 hostem
1046 238 1252 288 ducebant,
1274 239 1475 290 sequenti-

54 296 129 336 hus
149 296 190 336 in
210 295 411 346 obliquum
433 294 528 335 aliis.
570 295 681 334 sinus
703 295 741 334 in
765 294 890 334 medio
910 301 1011 344 erat,
1044 308 1119 347 qua
1152 295 1312 347 segnius
1334 294 1474 347 Hispa·
1498 303 1534 336 18

55 365 196 393 norum
218 352 326 403 signa
348 350 601 399 incedebant3
628 357 664 390 et
686 351 760 390 iam
782 352 1036 391 conflixerant
1059 363 1219 400 cornua,
1243 364 1345 400 cum,
1368 352 1472 403 quod
1496 360 1533 392 19

53 409 206 449 roboris
227 408 267 448 in
289 408 369 448 acie
390 408 560 447 hostium
582 414 684 455 erat,
715 407 837 447 Poeni
857 408 1026 448 veterani
1047 408 1208 460 Afrique
1231 409 1405 447 nondum
1426 408 1473 447 ad

51 465 118 506 teli
133 465 354 505 coniectum
370 465 579 512 venissent,
602 477 730 516 neque
747 464 787 504 in
805 476 966 513 cornua,
989 470 1033 503 ut
1048 464 1273 504 adiuvarent
1290 476 1472 516 pugnan-

51 528 127 569 tes,
158 521 356 562 discedere
378 521 588 569 auderent,
613 533 662 560 ne
682 522 881 573 aperirent
902 521 1066 560 mediam
1089 521 1211 560 aciem
1232 522 1402 560 venienti
1425 533 1472 560 ex

49 578 207 619 adverso
223 578 337 618 hosti.
371 590 517 617 cornua
534 577 693 629 ancipiti
710 578 859 629 proelio
877 577 1137 629 urgebantur:
1162 590 1281 629 eques
1297 577 1469 628 levisque
1489 585 1532 618 20

49 640 242 675 armatura
263 641 300 674 et
320 634 473 682 velites,
504 634 781 674 circumductis
802 634 872 674 alis
894 634 933 673 in
956 635 1072 673 latera
1095 634 1371 682 incurrebant,
1404 645 1470 672 co-

47 692 181 731 hortes
201 703 222 731 a
240 691 371 732 fronte
392 690 605 741 urgebant,
638 696 681 730 ut
710 689 990 743 abrumperent
1011 703 1158 731 cornua
1187 703 1207 730 a
1229 698 1355 731 cetera
1376 690 1468 730 acie.

47 748 96 788 Et
116 760 206 787 cum
226 748 273 787 ab
295 748 402 787 omni
424 754 533 799 parte
554 747 853 799 haudquaquam
883 760 954 799 par
974 759 1107 799 pugna
1129 753 1229 795 erat,
1260 753 1341 787 tum
1364 746 1470 798 quod
1493 751 1539 788 15

47 835 118 869 Zeit
142 835 266 869 bereits
291 836 343 869 die
361 839 475 880 spater
492 835 725 879 gewbhnliche

44 880 256 924 Bedeutung,
282 882 463 924 vgl.c.33,
481 884 536 923 123
556 883 677 923 30,33‚
697 884 724 917 1.

47 930 154 959 citato
177 936 247 968 gr,
272 927 343 960 Pol.
364 937 391 959 c.
407 928 461 969 23,
476 927 635 971 2ενεργῆ
648 938 724 959 ποι·

45 967 188 1014 oiusvoc
212 984 279 1013 τνν
303 968 450 1016 ἔφοδονς
481 971 541 1005 das
565 972 725 1004 Μᾶηόνθῐ

44 1021 172 1050 musste
197 1026 235 1050 so
260 1017 387 1050 schnell
412 1016 608 1060 ausgefiihrt
636 1027 722 1050 wer—

29 1061 125 1100 ·den,
159 1061 263 1094 damit
295 1061 348 1095 die
381 1042 503 1094 Feindoe
536 1061 629 1095 nicht
660 1071 721 1094 vor

46 1106 259 1149 Vollendung
278 1106 336 1140 der
347 1106 562 1149 Ausstellung
576 1117 611 1140 es
624 1106 720 1139 iiber-

43 1151 145 1185 sehen
184 1151 250 1184 und
287 1152 384 1185 einen
414 1151 550 1195 Angriff
580 1151 719 1185 macheu

42 1195 202 1237 konnten,
226 1197 294 1240 vgl.
320 1196 439 1240 Veget.
458 1199 489 1238 3,
502 1199 562 1231 20:
590 1200 719 1240 quarta

43 1241 259 1285 depugnatio
284 1242 366 1274 talis
383 1245 452 1275 est:
478 1253 556 1274 cnm
575 1243 718 1274 ordina-

42 1290 134 1319 veris
171 1289 281 1320 aciem
317 1291 402 1320 ante
438 1288 719 1330 quadringentos

42 1333 95 1365 vel
131 1336 341 1375 quingentos
376 1343 501 1376 passus
537 1334 577 1373 (s.
603 1333 624 1376 ξ
653 1334 718 1375 13),

42 1387 146 1419 quam
173 1378 222 1410 ad
250 1379 381 1410 hostem
410 1380 616 1421 per-oenias,
648 1389 719 1410 non

39 1426 205 1465 sperante
221 1434 260 1455 eo
277 1423 392 1455 subito
411 1425 530 1456 ambas
545 1423 621 1456 alas
640 1427 719 1456 tuas

40 1469 194 1500 incitare
219 1471 251 1500 te
277 1471 455 1510 convenit,
490 1472 530 1500 ut
553 1479 598 1500 esc
622 1472 718 1501 utro-

40 1523 106 1556 que
130 1523 242 1546 cornu
266 1515 474 1556 improvisos
500 1514 612 1546 hostes
641 1525 717 1546 ver-

40 1562 93 1590 tas
122 1560 160 1591 in
190 1558 328 1637 fu2gam.
355 1578 396 1583 —
422 1563 576 1601 sequent.
601 1577 625 1582 -
655 1559 717 1600 al„

40 1602 109 1636 Pol.
141 1605 196 1645 23,
228 1606 263 1637 2:
302 1603 462 1656 προῆγον
491 1602 638 1648 ὄρθίὀυς
670 1604 716 1645 (in

38 1648 222 1700 Colonnen)
247 1668 274 1672 —
300 1643 354 1680 ἇεὶ
377 1648 455 1681 τῶν
473 1647 548 1691 ἑξῆς
569 1647 717 1692 ἐπιβαλ-

39 1689 181 1726 λόντων
204 1712 231 1717 -
258 1693 458 1736 e‘nopaeercov

83 1740 227 1772 18-19.
251 1749 361 1778 smus,
386 1738 439 1772 die
462 1738 593 1772 sinuata
614 1738 715 1780 acies,

37 1783 104 1816 wie
127 1784 176 1817 sie
199 1765 364 1816 Hannibal
390 1784 444 1817 hei
463 1784 606 1824 Cannae,
638 1784 716 1816 aber

0 1832 1 1862 ἒ
37 1827 188 1870 maskirt‚
214 1828 437 1872 angewendet
462 1829 572 1869 hatte,
606 1839 632 1862 s.
659 1830 713 1871 22,

37 1876 92 1916 47,
113 1875 150 1913 83
175 1876 313 1915 sinum,·
337 1873 453 1908 Senec.
479 1874 519 1907 de
543 1874 602 1908 vit.
628 1874 712 1908 h.4:

37 1919 328 1961 quemadmodum
385 1919 476 1952 idem
537 1921 714 1952 exercitus

35 1964 139 1997 modo
165 1965 272 1996 latius
292 1965 513 2007 pandilur—
532 1969 565 1997 et
589 1968 652 1997 aut
675 1967 712 1997 in

38 2019 174 2042 cornua
197 2011 342 2042 sinuata
365 2010 480 2042 media
505 2014 608 2052 parte
634 2020 713 2042 cur·-

37 2057 164 2094 vatum
194 2053 266 2087 Pol.
298 2055 318 2097 ξ
344 2056 362 2088 3
395 2054 522 2099 spricht
553 2065 615 2088 nur
645 2065 712 2088 von

36 2098 144 2133 einem
159 2099 317 2133 welteren
331 2099 634 2134 Zwischenraume.
666 2100 712 2132 Im

35 2143 128 2187 Folg.
152 2143 255 2177 hatL
277 2145 377 2189 wie§
395 2147 434 2180 16
459 2145 512 2179 die
537 2145 711 2179 einzelnen

34 2187 203 2222 Momente
228 2189 347 2223 anders
371 2191 421 2224 als
445 2190 565 2235 Polyb.
590 2190 711 2237 geord-

35 2238 92 2268 net
121 2233 189 2267 und
221 2234 370 2278 weniger
401 2235 475 2268 klar
504 2235 710 2279 dargestellt.

34 2298 78 2303 -—
99 2281 170 2312 iam
195 2280 297 2319 consl.
312 2299 338 2303 —
354 2290 431 2313 cum
445 2300 471 2304 —
487 2281 620 2322 auden,
647 2280 711 2313 wie

35 2325 89 2365 23,
104 2326 206 2367 27,5:
231 2326 303 2356 iam
325 2327 436 2368 primi
457 2329 710 2359 conseruerant

35 2380 176 2411 manus,
202 2380 279 2403 cum
305 2388 329 2392 —
358 2375 543 2403 currerent
565 2390 593 2395 —-
619 2373 708 2403 eatis-

34 2419 120 2455 sent,
145 2415 214 2458 vgl.
240 2425 281 2448 zu
306 2416 360 2457 25,
382 2417 485 2457 36,9;
510 2414 711 2459 umgekehrt

35 2461 67 2501 6,
92 2462 123 2500 3,
153 2462 168 2494 1
195 2471 228 2493 u.
252 2470 299 2499 a.;
325 2460 541 2494 verschieden
568 2471 596 2494 c.
621 2462 653 2502 2,
680 2463 711 2495 1.

34 2515 134 2538 —ne
153 2507 336 2549 aperit-ent
359 2505 402 2538 ist
426 2505 460 2538 in
485 2505 542 2539 der
567 2505 709 2540 altesten

795 834 874 869 Hds.
908 836 1131 879 ausgesallen,
1164 835 1235 878 vgl.
1268 837 1321 876 38,
1353 837 1407 876 26,
1434 839 1469 869 7:

794 892 858 913 nec
883 886 945 913 aut
967 891 1202 923 praecurrere
1221 883 1407 923 quisquam
1425 882 1470 913 ab

794 926 978 959 ordinibus
1002 928 1096 967 suis,
1125 936 1168 958 ne
1192 927 1370 958 nudarent
1394 936 1471 958 cor-

790 982 858 1012 pus
884 991 910 995 —
937 971 1124 1012 audebant,
1151 974 1184 1003 et
1207 974 1338 1003 stantes
1364 974 1427 1004 etc.

837 1017 890 1049 20.
923 1016 1007 1048 Ievis
1040 1026 1126 1050 arm.
1159 1020 1193 1048 et
1223 1016 1299 1057 vel„
1336 1016 1400 1049 wie
1439 1027 1468 1049 c.

793 1063 845 1103 15,
858 1063 889 1103 5,
913 1061 1034 1094 vorher
1059 1071 1121 1094 nur
1133 1061 1263 1102 velites,
1288 1062 1375 1102 §17‚
1400 1061 1469 1094 und

791 1106 948 1149 expediti
970 1107 1126 1148 peditum
1153 1107 1173 1150 ξ
1202 1108 1254 1149 16,
1288 1106 1352 1139 wie
1383 1107 1469 1140 auch

789 1151 862 1184 Pol.
887 1162 914 1185 c
940 1153 1057 1193 23,1;
1092 1153 1145 1193 24,
1175 1154 1186 1184 1
1223 1162 1284 1184 nur
1314 1162 1467 1197 γροσφο-

787 1194 903 1239 μάχαι,
929 1199 982 1238 23,
1001 1199 1018 1229 5
1046 1194 1196 1238 εὔζωνοι
1222 1198 1386 1238 erwahnt,
1412 1196 1466 1230 die

789 1242 873 1274 levis
906 1246 1091 1274 armatura
1126 1243 1261 1275 k6nnen
1295 1242 1467 1281 Balearen,

788 1297 815 1320 s.
842 1289 895 1327 22,
920 1290 952 1330 4,
977 1289 1015 1325 3;
1046 1288 1089 1321 ib.
1116 1290 1171 1328 46,
1200 1290 1214 1321 1
1249 1287 1317 1320 und
1350 1287 1403 1320 die
1437 1298 1465 1321 c.

791 1334 842 1374 16,
874 1336 911 1370 5,
949 1334 1003 1373 20,
1040 1335 1052 1366 l
1093 1331 1287 1366 erwahnten
1323 1332 1467 1365 auxilia

789 1377 875 1416 seim
901 1377 944 1410 im
969 1377 1045 1410 Put.
1070 1377 1154 1410 fehlt
1178 1381 1228 1417 et,·
1261 1377 1348 1411 doch
1377 1378 1468 1411 ware

788 1421 841 1456 die
856 1422 1056 1466 Apposition
1082 1422 1158 1455 hart
1174 1422 1241 1456 und
1260 1422 1466 1466 ungewfihn-

787 1467 873 1508 lich,
904 1468 973 1510 vgl.
999 1470 1053 1509 21,
1079 1470 1134 1509 55,
1159 1470 1189 1501 2.
1215 1488 1258 1492 —
1285 1468 1466 1510 circumd„

788 1512 809 1555 ξ
840 1515 899 1551 16;
926 1513 968 1546 da
993 1513 1046 1546 die
1063 1512 1207 1546 Reiterei
1231 1513 1300 1546 und
1325 1513 1377 1546 die
1402 1513 1467 1546 Ve-

786 1558 868 1591 liten
893 1558 974 1592 iiber
999 1557 1053 1592 die
1076 1558 1255 1591 feindliche
1277 1558 1368 1592 Linie
1393 1558 1466 1591 hin-

786 1613 963 1646 ausragen,
988 1613 1026 1636 so
1051 1603 1203 1636 bedurste
1227 1613 1264 1636 es
1287 1614 1350 1636 nur
1375 1603 1467 1636 einer

786 1647 1026 1691 Schwenkung
1043 1659 1098 1681 um
1112 1648 1204 1681 diese
1217 1649 1248 1680 in
1268 1648 1326 1681 der
1339 1647 1465 1681 Flanke

786 1693 1010 1736 anzugreilen.
1029 1711 1071 1717 —
1092 1697 1133 1725 ut
1157 1694 1330 1736 abrump„
1354 1693 1464 1726 dieses

784 1748 855 1772 war
878 1738 1035 1780 mfiglich,
1058 1738 1137 1771 weil
1162 1737 1215 1771 die
1234 1737 1380 1782 Manipel
1405 1738 1465 1771 der

784 1783 904 1816 beiden
929 1783 1048 1826 Fliigel
1079 1783 1133 1816 bei
1164 1782 1223 1816 der
1250 1783 1464 1826 Aufstellung

784 1829 805 1871 ἓ
828 1831 864 1862 17
891 1828 963 1861 sich
987 1832 1093 1862 etwas
1118 1838 1185 1861 von
1211 1828 1286 1862 dem
1305 1829 1463 1862 Centrum

783 1873 928 1907 entfernt
952 1873 1080 1908 hatten.

826 1918 885 1954 15.
913 1921 1008 1953 1—5.
1033 1919 1081 1951 Et
1104 1923 1168 1952 etc.
1200 1918 1323 1962 kniipft
1345 1918 1462 1952 locker

783 1963 836 1997 die
849 1964 1033 1997 Umst‘ande
1046 1974 1099 2004 an,
1124 1963 1254 1997 welche
1276 1964 1328 1997 die
1342 1964 1463 1997 Flucht

782 2009 840 2042 der
866 2009 987 2043 Punier
1010 2009 1274 2047 herbeiffihrtem
1308 2009 1328 2052 ξ
1356 2012 1370 2042 1
1404 2009 1460 2041 be-

782 2054 872 2087 zieht
896 2054 966 2088 sich
991 2054 1050 2087 auf
1071 2054 1135 2087 den
1160 2053 1284 2097 Kamps
1310 2054 1369 2086 aus
1394 2053 1459 2087 den

782 2099 941 2143 FIiigeln;
975 2100 995 2141 ξ
1021 2101 1108 2133 2-3
1134 2098 1287 2141 dagegen
1321 2098 1379 2131 auf
1399 2099 1460 2132 das

781 2154 887 2187 ganze
912 2144 1013 2183 Heer;
1041 2144 1062 2187 ξ
1087 2146 1106 2178 4
1125 2143 1145 2176 f.
1171 2144 1230 2176 aus
1251 2143 1310 2176 das
1334 2143 1458 2177 Mittel-

780 2189 908 2222 treffen.
935 2200 1012 2222 cum
1038 2190 1080 2221 ab
1096 2192 1192 2221 omni
1213 2199 1260 2231 p.,
1284 2189 1328 2222 ist
1340 2199 1408 2222 von
1423 2189 1458 2224 L,

780 2234 1016 2278 hinzugesiigt:
1041 2235 1075 2267 in
1095 2233 1193 2276 jeder
1217 2233 1395 2276 (anderen,
1428 2244 1455 2267 s.

781 2282 835 2319 36,
858 2282 956 2322 17,4)
981 2279 1184 2322 Beziehung,
1209 2278 1368 2312 wahl-end
1393 2279 1458 2312 alle

779 2325 946 2368 (iibrigen)
964 2324 1147 2358 Umstande
1164 2324 1248 2356 dazu
1269 2324 1456 2367 beitrugen,

780 2379 865 2413 ganz
890 2369 1072 2403 besonders
1104 2368 1242 2402 deshalb
1275 2372 1351 2411 etc„
1385 2370 1454 2412 vgl.

780 2417 833 2456 36,
858 2416 911 2455 22,
940 2417 994 2448 10:
1022 2419 1056 2448 et
1079 2425 1157 2447 cum
1182 2423 1270 2456 ager
1293 2414 1455 2447 Heracle-

780 2462 871 2539 ετξ-3
885 2479 921 2537 s
955 2506 1231 2538 m
1245 2463 1355 2548 ‘3222
1371 2461 1456 2538 {aa

837 2532 860 2539 ..
923 2530 929 2537 .
1000 2531 1009 2547 ,
1059 2531 1064 2537 .
1434 2531 1455 2548 .‚

1119 2561 1186 2595 11*
