1732 2840
96 128 124 149 a.
143 121 194 149 Ch.
214 122 272 148 208.
524 111 647 145 LlBER
671 111 800 145 xxvn.
850 112 941 146 CAP.
969 114 1022 146 24.
1047 114 1101 147 25.
1473 111 1525 150 67

40 256 41 278 3
94 225 259 271 cidisse,
286 225 370 277 ipse
391 225 483 265 alias
504 225 620 265 clavis
643 226 825 265 omnibus
852 227 975 278 portis
997 226 1204 278 imposuit,
1237 227 1413 277 cavitque
1436 239 1526 266 cum

39 303 41 330 ς
94 294 210 331 cura,
234 288 275 321 ut
296 282 426 321 omnia
447 281 487 321 in
510 286 700 333 potestate
722 295 791 322 sua
813 289 967 331 essent;
999 282 1209 322 Hostilium
1232 283 1421 322 intentius
1442 295 1527 322 mo·
1547 292 1566 322 9

38 347 40 350 ’
93 338 193 387 nuit,
216 343 258 377 ut
278 338 318 377 in
340 350 386 378 eo
408 350 518 390 spem
541 350 620 378 non
643 344 819 379 moturos
838 340 1048 390 quicquam
1067 339 1255 379 Etruscos
1277 345 1455 391 poneret,
1478 340 1524 389 si,

38 440 40 444 Ι
95 408 145 434 ne
165 394 259 446 quid
281 395 427 433 moveri
451 400 594 446 posset,
618 395 792 435 cavisset.

206 450 261 490 De
282 451 505 490 Tarentinis
526 451 618 490 inde
640 463 779 503 magna
801 452 1054 492 contentione
1080 452 1120 491 in
1142 458 1280 491 senatu
1302 458 1430 491 actum
1452 464 1519 492 co·
1543 454 1593 491 25

38 517 40 541 ῑ
90 520 174 547 ram
195 507 313 547 Fabio
327 539 337 555 ,
359 507 591 547 defendente
612 507 697 558 ipso
722 521 820 560 quos
841 514 997 561 ceperat
1017 509 1153 555 armis,
1183 508 1268 547 aliis
1290 508 1456 548 infensis
1486 515 1521 548 et

38 564 40 611 ζ
90 564 292 616 plerisque
313 564 572 615 aequantibus
596 576 663 603 eos
681 563 967 617 Campanorum
987 578 1109 604 noxae
1131 576 1374 616 poenaeque.
1412 577 1524 605 sena·
1545 572 1564 603 2

38 618 39 639 ;
91 627 156 660 tus
185 620 410 660 consultum
440 620 480 660 in
512 622 744 661 sententiam
775 622 835 661 Μ’.
859 622 955 661 Acili
987 622 1131 662 factum
1156 627 1236 669 est,
1267 627 1312 660 ut
1332 622 1522 673 oppidum

37 671 40 703 Γ
92 676 287 729 praesidio
309 677 572 717 custodiretur
588 677 870 730 Tarentinique
887 690 1024 717 omnes
1046 678 1146 717 intra
1168 677 1321 716 moenia
1343 677 1522 717 contine-

37 743 39 786 ζ
91 740 244 782 rentur,
266 745 329 773 res
351 734 503 784 integra
524 740 659 785 postea
680 735 906 781 referretur,
929 747 1017 774 cum
1039 734 1288 786 tranquillior
1308 739 1430 773 status
1446 734 1521 773 Ita-

37 804 39 819 2
88 790 161 830 liae
182 796 296 830 esset.
334 796 370 830 et
391 790 437 830 de
455 790 505 829 Μ.
524 790 630 830 Livio
653 791 850 842 praesecto
875 791 1225 847 arcis0Tarentinae
1246 790 1346 829 haud
1370 791 1521 830 minore
1542 798 1560 828 3

36 867 40 888 ε
89 847 301 886 certamine
320 853 448 887 actum
467 852 536 893 est,
554 847 638 886 aliis
656 853 815 887 senatus
827 848 1006 887 consulto
1022 847 1248 887 notantibus
1264 847 1519 898 praefectum,

36 911 39 954 ζ
91 903 195 955 quod
219 903 302 942 eius
324 903 502 942 socordia
524 903 733 943 Tarentum
758 904 955 956 proditum
978 904 1078 942 hosti
1101 910 1225 952 esset,
1247 903 1330 941 aliis
1351 903 1521 954 praemia
1541 909 1560 940 4

36 963 39 1014 ξ
89 959 407 1008 decernentibus,
424 960 528 1011 quod
551 972 621 1011 per
643 960 958 1012 quinquennium
981 971 1112 999 arcem
1133 964 1281 998 tutatus
1302 965 1416 1006 esset,
1438 971 1519 998 ma-

27 1015 39 1070 ‚¹
86 1016 267 1067 ximeque
298 1016 416 1056 unius
449 1016 532 1055 eius
563 1027 682 1067 opera
703 1021 905 1068 receptum
927 1016 1141 1055 Tarentum
1163 1015 1283 1063 foret,
1315 1015 1453 1054 mediis
1474 1015 1518 1054 ad
1540 1021 1559 1051 5

36 1077 38 1122 ζ
60 1104 64 1107 .
88 1084 284 1120 censores,
317 1084 398 1112 non
429 1072 475 1111 ad
501 1077 678 1110 senatum
701 1072 903 1112 notionem
926 1072 973 1111 de
995 1084 1040 1111 eo
1063 1071 1261 1123 pertinere
1283 1071 1517 1111 dicentibus.

35 1129 39 1159 ἲ
87 1129 200 1168 cuius
221 1128 437 1167 sententiae
458 1134 496 1167 et
511 1127 653 1167 Fabius
673 1128 768 1176 fuit3
791 1128 930 1168 adiecit
954 1136 1083 1169 tamen
1109 1128 1218 1168 fateri
1236 1140 1277 1167 se
1300 1140 1417 1179 opera
1435 1127 1518 1166 Livi

36 1195 37 1206 ³
86 1184 300 1224 Tarentum
321 1190 548 1236 receptum,
571 1184 675 1235 quod
696 1185 809 1224 amici
832 1186 916 1224 eius
938 1185 1052 1235 vulgo
1074 1185 1114 1224 in
1137 1190 1274 1224 senatu
1296 1184 1517 1232 iactassent,

35 1260 38 1294 ,ss
87 1253 215 1292 neque
237 1241 341 1280 enim
364 1241 637 1292 recipiundum
661 1241 780 1281 fuisse
796 1272 806 1289 ,
830 1241 904 1281 nisi
925 1242 1111 1281 amissum
1131 1241 1244 1280 foret.

35 1303 38 1378 ζ
88 1331 143 1364 10:
170 1340 301 1362 earum.
331 1348 374 1353 -
399 1331 474 1372 ipse
503 1329 598 1362 stellt
621 1329 681 1363 das
706 1329 765 1363 be-

35 1380 38 1385 '
83 1375 164 1409 reits
189 1375 361 1408 erwahnte
387 1374 525 1416 Subject
556 1374 620 1408 den
652 1377 765 1417 magi-

34 1421 38 1432 ⁴
82 1424 217 1453 stratus
237 1420 441 1464 gegeniiber.
455 1439 497 1443 *-
512 1419 602 1452 alias
616 1421 671 1461 cl„
696 1420 766 1463 vgl.

32 1484 37 1507 ν,
84 1467 139 1506 24,
153 1467 207 1507 37,
223 1468 254 1500 6.
281 1485 321 1489 —
348 1467 386 1497 in
410 1476 443 1507 p.
469 1475 534 1497 sua
559 1476 616 1503 es„
642 1467 696 1506 22,
712 1467 766 1506 39,

35 1510 39 1537 ’ν
84 1512 137 1544 21.
162 1530 207 1534 —
232 1513 356 1543 intent.
382 1521 488 1551 mon„
512 1510 581 1553 vgl.
606 1512 637 1551 3,
660 1512 764 1552 32,6:

83 1565 122 1588 eo
149 1558 317 1589 intentius
336 1556 530 1589 instabant.
566 1558 714 1597 moveri,
738 1565 764 1589 s.

34 1668 36 1670 -
83 1603 191 1681 02157:
217 1604 338 1680 {in—¹0.
372 1645 654 1688 Verbandlungen
685 1645 766 1678 iiber

34 1694 38 1734 j
83 1690 223 1729 Tarent;
247 1691 305 1724 der
326 1690 466 1734 Tempel
488 1690 547 1724 des
563 1691 675 1723 Honos
697 1690 765 1723 und

34 1739 36 1741 '
82 1735 142 1769 der
167 1736 300 1773 Virtus;
326 1735 393 1769 Cic.
420 1737 489 1768 Cat.
516 1746 559 1769 m.
584 1738 618 1774 4,
644 1736 697 1772 11;
724 1734 765 1768 de

34 1779 37 1807 ἶ
83 1781 137 1814 Or.
163 1783 193 1821 2,
219 1783 274 1823 67,
290 1783 374 1819 273;
403 1781 491 1814 Plut.
515 1781 593 1814 Fab.
609 1782 662 1814 23.
690 1780 763 1813 Val.

34 1834 36 1845 ³
82 1825 172 1859 Max.
201 1829 228 1867 1,
257 1828 284 1868 1,
311 1827 341 1859 8.

134 1873 230 1905 1-2.
257 1882 376 1904 coram
390 1871 442 1909 F„
467 1871 536 1912 der,
561 1870 600 1903 da
622 1871 690 1903 ihm
705 1870 764 1903 das

25 1914 37 1925 ‘'
84 1917 259 1960 imperium
286 1916 378 1950 nicht
403 1916 594 1959 verlangert
612 1915 761 1956 worden,

34 1957 35 1990 ἶ
83 1962 170 1995 nach
186 1962 268 1995 Rom
292 1961 562 2004 zuriickgekehrt
586 1961 640 2000 ist,
666 1972 694 1994 c.
709 1962 764 2001 21,

34 2007 35 2015 ¹
83 2008 123 2045 8;
150 2007 264 2040 seinen
291 2006 464 2050 Triumph,
489 2017 515 2040 s.
538 2018 565 2039 c.
580 2008 634 2048 20,
648 2008 680 2045 9,
707 2006 764 2038 hat

84 2051 120 2084 L.
145 2052 375 2095 iibergangen.
399 2071 443 2076 —-
469 2052 695 2091 defendente,
729 2061 764 2084 er

34 2108 37 2132 s
84 2096 156 2129 tritt
191 2097 241 2130 als
278 2101 439 2140 patronus
477 2096 535 2130 der
566 2096 765 2129 Tarentiner

34 2135 36 2147 ⁸
83 2141 150 2174 aus.
165 2161 209 2166 —
225 2152 353 2184 nooeae,
379 2142 463 2175 nach
489 2142 547 2175 der
571 2141 763 2175 bekannten

83 2186 192 2220 Kfirze
217 2186 249 2219 in
276 2187 580 2230 Vergleichungen,
606 2197 632 2220 s.
659 2188 691 2226 2,
712 2188 763 2228 13,

83 2233 122 2271 8;
159 2233 191 2272 8,
218 2233 270 2273 18,
298 2234 349 2266 11.
397 2232 445 2265 Zu
476 2242 611 2275 poenae
642 2231 762 2274 gehbrt

83 2278 320 2319 aequantibus
344 2277 377 2310 in
402 2277 478 2311 dem
503 2276 620 2310 Sinne:
652 2276 762 2319 gleich

34 2336 36 2356 J
83 2321 219 2365 gestellt
251 2321 375 2364 seben,
407 2322 440 2355 in
474 2322 621 2365 gleicher
650 2321 763 2354 Weise

34 2365 36 2375 ’
82 2367 224 2410 gestraft
250 2367 372 2400 wissen
399 2367 545 2401 wollten.
561 2366 708 2399 -Αοίὶ,
734 2377 760 2400 s.

34 2429 37 2437 ·
82 2422 111 2445 c.
137 2415 170 2454 4,
198 2414 251 2446 10.
276 2431 319 2436 -
344 2414 440 2444 intra
464 2423 588 2453 moen„
618 2412 683 2444 wie
708 2411 761 2444 die

34 2464 38 2486 ι
82 2457 278 2500 Campaner,
304 2459 359 2498 26,
385 2458 438 2498 27,
466 2459 518 2490 12.
540 2476 583 2481 —-
608 2460 762 2498 integra,

33 2502 37 2529 ‘T
81 2502 151 2545 vgl.
166 2512 193 2536 c.
208 2505 239 2542 9,
257 2505 309 2536 10.
348 2501 407 2534 Die
422 2503 577 2544 spateren
591 2501 762 2534 Verband-

0 2549 1 2553 ’
81 2547 208 2590 lungen
244 2542 302 2580 hat
335 2547 370 2580 L.
406 2547 638 2590 ubergangen,
677 2546 762 2579 nach

835 1328 954 1362 Strabo
982 1332 1014 1369 6,
1040 1332 1059 1362 4
1085 1340 1116 1371 p.
1143 1331 1228 1363 281:
1261 1330 1343 1373 περὶ
1375 1326 1419 1361 τὰ
1442 1325 1517 1361 ’Λν-

834 1377 955 1417 νίβεια
980 1376 1039 1406 καὶ
1064 1374 1131 1416 τὴν
1155 1372 1368 1419 ἐλευθερίαν
1385 1369 1516 1420 ἀφῃρέ-

835 1418 970 1461 θησαν,
985 1419 1137 1453 verloren
1153 1419 1207 1452 die
1222 1419 1430 1461 Tarentiner,
1445 1428 1516 1452 was

835 1467 889 1506 35,
918 1467 968 1506 16,
995 1467 1013 1499 3
1048 1464 1140 1498 nicht
1164 1464 1322 1498 beachtet
1348 1464 1409 1506 ist,
1445 1464 1517 1497 ihre

834 1509 1124 1552 Selbstandigkeit
1171 1509 1239 1542 und
1280 1509 1376 1542 einen
1419 1509 1516 1542 Theil

835 1555 923 1588 ihres
949 1555 1116 1596 Gebietes,
1143 1556 1197 1596 44,
1227 1556 1276 1595 16,
1302 1557 1334 1587 7.

881 1603 980 1634 3—5.
1007 1599 1120 1641 Livio,
1155 1599 1225 1643 vgl.
1251 1610 1280 1633 c.
1305 1601 1358 1640 34,
1385 1601 1416 1632 7.
1453 1610 1515 1632 no-

836 1647 980 1679 tantia:
1015 1644 1136 1677 darauf
1156 1647 1331 1687 antragen,
1357 1644 1435 1677 dass
1461 1644 1514 1677 ein

834 1689 936 1723 Tadel
985 1699 1092 1733 gegen
1141 1689 1197 1722 ibn
1241 1688 1514 1732 ausgesprochen

835 1734 962 1776 wiirde,
988 1735 1057 1777 vgl.
1083 1745 1113 1767 c.
1136 1735 1191 1774 20,
1220 1737 1255 1772 1;
1282 1736 1314 1774 4,
1341 1736 1395 1775 50,
1419 1736 1450 1767 6.
1470 1753 1514 1758 —

834 1784 919 1812 nota
945 1779 1012 1812 und
1037 1783 1162 1812 notare
1188 1778 1272 1812 wird
1297 1778 1388 1811 ostin
1405 1779 1514 1812 dieser

836 1825 964 1864 Weise,
1010 1834 1087 1857 vom
1121 1824 1263 1864 Senate‚
1306 1824 1374 1867 vgl.
1401 1825 1454 1863 25,
1481 1826 1512 1865 3,

840 1872 896 1908 12;
922 1869 1001 1903 Tae.
1027 1871 1112 1903 Ann.
1130 1871 1162 1910 3,
1182 1872 1218 1903 31
1250 1869 1316 1902 und
1341 1869 1404 1901 den
1430 1870 1513 1902 Cen-

834 1925 930 1948 soren
957 1914 1153 1958 gebraucht.
1178 1933 1222 1939 -
1246 1914 1381 1953 mediis,
1406 1924 1432 1947 s.
1458 1916 1511 1956 26,

833 1962 887 2001 21,
913 1963 942 1994 5.
971 1979 1015 1983 -
1040 1962 1218 1993 notionem
1244 1959 1301 2000 de,
1333 1959 1397 1991 wie
1432 1969 1512 2001 cog·

833 2016 977 2038 noscere
1011 2005 1071 2045 de,·
1102 2008 1133 2044 5,
1165 2007 1218 2046 36,
1248 2006 1304 2037 1οε
1338 2006 1513 2046 cognitio-

833 2061 912 2083 nem
938 2050 979 2082 de
1002 2051 1211 2093 postulatis:
1236 2049 1290 2082 die
1314 2048 1512 2082 Kenntniss-

834 2095 954 2129 nahme
985 2096 1018 2128 in
1045 2094 1159 2138 Bezug
1192 2094 1249 2127 auf
1271 2093 1383 2126 Livius
1414 2093 1512 2126 kame

833 2140 896 2174 den
923 2141 1088 2173 Censoren
1115 2150 1176 2180 zu,
1207 2139 1297 2172 diese
1329 2139 1444 2171 hatten
1470 2149 1511 2171 zu

832 2186 1043 2224 bestimmen,
1069 2186 1111 2218 ob
1137 2185 1218 2217 uber
1242 2183 1297 2216 ibn
1324 2183 1397 2216 eine
1415 2183 1511 2226 Ruge

833 2230 1103 2273 auszusprechen
1125 2230 1191 2268 sei;
1214 2229 1366 2261 Momms.
1388 2230 1419 2269 2,
1433 2229 1510 2262 370.

832 2295 875 2300 —
901 2278 1002 2308 cuius
1025 2287 1064 2317 s.,
1089 2286 1117 2309 s.
1148 2278 1176 2315 1,
1203 2277 1233 2315 8,
1259 2276 1294 2311 3;
1327 2272 1419 2306 diese
1444 2274 1512 2306 An-

831 2320 930 2361 sicht,
955 2321 1039 2353 nach
1066 2320 1124 2354 der
1148 2319 1219 2353 sich
1245 2318 1304 2351 der
1327 2317 1431 2351 Senat
1460 2319 1512 2351 fiir

831 2366 1061 2409 incompetent
1085 2365 1221 2404 erklart,
1247 2362 1510 2396 scheintdurch-

832 2421 1008 2454 gegangen
1035 2421 1075 2444 zu
1100 2410 1183 2444 sein.
1201 2427 1245 2432 —
1270 2408 1401 2440 Fabius
1426 2407 1509 2440 wird

831 2455 994 2497 erwahnt,
1008 2466 1063 2488 um
1078 2455 1138 2488 das
1152 2454 1247 2496 Folg.
1260 2452 1509 2495 anzuknupfen.

830 2511 1008 2543 —opera‚
1033 2500 1192 2541 ironisch,
1217 2509 1243 2532 s.
1265 2498 1331 2531 Cic.
1347 2498 1366 2530 l.
1382 2498 1414 2539 l.‚
1440 2497 1513 2531 hier

831 2546 891 2579 mit
915 2545 1116 2579 Nachdruck
1131 2543 1395 2586 soi-angestellt.

1192 2607 1239 2637 5*
