1732 2840
45 156 71 176 a.
93 148 144 176 Ch.
162 149 220 175 202.

523 135 644 169 LIBER
669 135 769 168 XXX.
816 134 910 168 CAP.
938 137 991 169 31.

1389 130 1466 170 161

43 265 141 304 quae
176 259 257 292 tum
294 251 553 303 pepigerunt,
589 251 705 291 hodie
737 249 930 289 subtracta
960 260 1005 288 ex
1036 247 1335 287 condicionibus
1364 248 1472 299 pacis

42 309 213 361 praemia
240 307 423 360 perfidiae
444 307 626 347 habeant.
666 306 837 357 indigni,
866 304 1008 357 quibus
1030 305 1162 344 eadem
1185 310 1314 356 pateat
1335 304 1471 343 condi·
1492 312 1512 344 4

43 365 125 413 cio,
155 365 293 410 etiam,
322 371 363 403 ut
395 364 519 416 prosit
548 364 657 403 vobis
685 364 810 410 srauS‚
840 362 982 413 petitis.
1034 373 1160 412 neque
1190 367 1318 412 patres
1347 361 1471 401 nostri

41 421 194 474 priores
208 422 254 460 de
272 420 416 468 Sicilia,
439 433 566 472 neque
584 433 656 459 nos
676 420 723 459 de
740 418 927 471 Hispania
948 418 1111 457 fecimus
1132 417 1297 456 bellum:
1320 423 1356 457 et
1376 423 1471 457 tunc

42 477 359 517 Mamertinorum
390 477 587 516 sociorum
620 476 859 528 periculum,
889 481 927 513 et
957 487 1063 514 nunc
1085 474 1249 524 Sagunti
1279 474 1471 514 excidium

42 533 156 573 nobis
186 534 248 586 pia
278 546 325 582 ac·
344 534 442 572 iusta
465 534 675 572 induerunt
698 544 821 572 arma:
853 543 920 569 vos
940 530 1128 570 lacessere
1150 537 1187 569 et
1208 536 1250 569 tu
1272 530 1355 582 ipse
1376 530 1471 570 sate·
1491 539 1511 571 5

41 590 96 630 ris
117 597 155 629 et
174 590 235 629 dei
259 596 377 629 testes
399 596 503 635 sunt,
524 590 590 642 qui
613 597 649 628 et
672 588 774 628 illius
794 587 886 627 belli
908 588 1053 626 exitum
1075 587 1291 626 secundum
1313 587 1373 625 ius
1393 587 1469 626 fas-

42 659 119 698 que
147 647 337 686 dederunt
368 653 403 685 et
435 646 552 685 buius
581 646 673 685 dant
704 652 742 685 et
771 644 929 683 dabunt.
972 643 1075 695 quod
1097 644 1142 682 ad
1164 655 1225 681 me
1246 643 1403 691 attinet,
1434 649 1472 682 et
1490 650 1510 683 6

40 703 233 742 humanae
262 703 495 741 infirmitatis
524 702 683 741 memini
713 709 749 740 et
777 701 852 739 vim
884 701 1064 739 fortunae
1095 706 1238 751 reputo
1268 706 1305 738 et
1326 699 1469 746 omnia,

42 771 311 811 quaecumque
338 759 509 809 agimus,
541 759 713 798 subiecta
744 769 827 796 esse
855 756 962 795 mille
993 755 1145 795 casibus
1165 756 1269 807 sci03
1299 762 1471 795 ceterum
1491 764 1508 795 '1

41 828 158 867 quem
174 816 220 855 ad
238 815 396 854 modum
411 815 578 867 superbe
601 823 638 854 et
658 814 849 853 violenter
869 825 931 851 me
951 814 1092 851 faterer
1113 813 1252 857 facere,
1274 812 1319 859 si,
1341 813 1470 864 prius-

42 884 157 924 quam
179 873 217 911 in
242 871 409 910 Africam
431 872 668 910 traiecissem
682 902 690 917 ,
719 877 755 909 te
779 877 844 909 tua
865 869 1062 908 voluntate
1084 869 1283 907 cedentem
1300 868 1410 907 Italia
1432 875 1470 907 et

39 928 223 981 imposito
245 928 284 966 in
317 940 432 967 naves
454 928 626 967 exercitu
647 928 775 979 ipsum
795 926 1017 965 venientem
1039 925 1084 964 ad
1106 935 1241 976 pacem
1262 925 1469 976 petendam

39 996 289 1038 aspernarer3
323 985 378 1024 sic
411 997 539 1031 nunc,
568 996 655 1023 cum
686 995 810 1036 prope
838 994 956 1021 manu
979 988 1203 1020 consertum
1225 981 1470 1020 restitantem
1491 989 1509 1021 8

37 1086 188 1117 πίωνος.
215 1102 258 1106 -
285 1093 374 1125 quae
398 1085 515 1125 μερίς.
542 1087 617 1124 etc.‚
651 1082 720 1123 das,

43 1139 139 1161 wozu
171 1129 218 1161 sie
245 1128 314 1161 sich
349 1127 452 1161 durch
488 1128 550 1161 den
578 1128 720 1170 Vertrag

41 1173 267 1216 verpssichtet,
292 1173 405 1206 indem
423 1174 470 1206 sie
488 1183 524 1206 es
539 1172 720 1214 (beimlich)

41 1238 70 1243 —
84 1223 250 1262 entzogen
269 1218 388 1258 baben,
414 1218 462 1252 als
476 1218 719 1260 Belohnungen

43 1264 203 1298 erhalten.
220 1283 264 1288 —
287 1264 448 1296 condicio
473 1263 518 1296 ist
543 1263 720 1295 condicio-

43 1310 114 1342 nib.
140 1308 350 1351 gegensiber,
383 1308 443 1342 der
467 1308 521 1341 die
546 1308 720 1341 einzelnen

44 1353 288 1397 Bedingungen
319 1353 532 1387 umsassende
568 1354 720 1396 Vertrag.

44 1403 116 1432 tum
142 1409 202 1433 aus
226 1401 472 1441 superioribus
497 1409 538 1431 zu
559 1398 719 1431 erklaren.

88 1469 188 1501 4—5.
213 1466 271 1499 Die
296 1467 453 1499 Antwort
478 1465 536 1498 aus
553 1468 681 1507 c.30‚6
699 1465 720 1498 f.

42 1530 86 1536 -
111 1522 222 1554 neque
253 1510 520 1554 correspondiert
551 1520 612 1543 nur
646 1510 720 1543 dem

43 1556 124 1600 folg.
150 1567 279 1599 neque,
314 1555 436 1598 km'ipst
470 1555 560 1588 nicht
593 1565 633 1588 an
663 1555 722 1588 das

43 1601 250 1645 Vorhergeh.
276 1611 328 1642 an,
354 1601 478 1634 ebenso
500 1600 723 1642 entsprechen

44 1647 115 1680 sich
142 1651 174 1679 et
198 1666 224 1670 -
252 1650 305 1686 εἰς
330 1645 543 1678 erkl-{tendes
569 1645 723 1688 Asynde-

44 1695 102 1725 ton
135 1702 176 1724 zu
209 1691 284 1724 dem
318 1690 538 1733 Vorhergeh„
573 1690 639 1722 und
674 1691 723 1723 als

0 1765 2 1770 .
43 1737 249 1770 Parentbese
266 1747 305 1769 zu
325 1736 484 1773 nehmen;
511 1735 574 1768 den
594 1735 723 1778 Gegen·

45 1787 116 1815 satz
143 1792 183 1814 zu
208 1785 329 1824 patres
355 1801 379 1804 -
406 1791 469 1813 nos
498 1780 627 1813 enthfflt
653 1791 723 1814 vos,

46 1846 89 1851 —-
121 1827 269 1866 fecimus
306 1826 413 1858 haben
449 1825 723 1868 hervorgerufen,

47 1871 253 1915 angestistet,
277 1882 304 1905 s.
331 1873 386 1911 31,
415 1873 465 1913 11,
492 1872 581 1904 6.-
605 1873 665 1913 pia
692 1882 723 1902 α.

45 1919 80 1959 i.‚
106 1927 132 1950 s.
159 1918 191 1958 9,
209 1918 235 1957 1,
252 1919 360 1950 10.-
375 1916 554 1956 lacessere,
578 1915 629 1948 ihr
653 1915 724 1948 seid

46 1962 162 1995 immet
179 1961 233 1994 die
246 1961 506 2004 Angreisenden,
533 1960 662 1994 st'arker
675 1961 724 1993 als

48 2007 235 2040 lacessisse.
262 2026 306 2030 —
330 2006 522 2038 secundum
548 2011 623 2046 etc.‚
656 2006 724 2049 vgl.

47 2053 103 2094 21,
130 2054 182 2093 10,
206 2053 241 2085 9:
277 2055 419 2084 eventus
444 2051 527 2083 belli
549 2053 639 2084 sicut
670 2062 726 2083 ae-

48 2107 138 2140 quus
163 2097 290 2135 iudan,
322 2096 416 2128 unde
440 2099 496 2128 ius
528 2097 662 2135 stabat,
694 2098 727 2128 ei

47 2144 235 2175 victoriam
261 2141 367 2180 dedit,
392 2141 461 2184 vgl.
487 2143 518 2183 3,
543 2143 597 2182 44,
625 2144 653 2174 5.

94 2210 195 2243 6-8.
224 2209 381 2242 Antwort
413 2209 470 2241 auf
501 2218 529 2241 c.
556 2210 609 2248 30,
639 2208 727 2249 11s.,

52 2256 92 2287 19
103 2254 178 2287 1.-
194 2257 346 2286 ceterum
358 2259 433 2296 etc.‚
452 2253 658 2296 ungeachtet
673 2252 726 2286 ich

49 2299 132 2332 alles
157 2298 276 2332 dessen
303 2298 491 2342 eingedenk
513 2299 579 2337 bin,
604 2298 726 2341 glaube

49 2344 103 2377 ich
121 2347 218 2377 unter
234 2343 300 2376 den
316 2343 555 2386 vorliegenden
576 2343 727 2376 Verhfilt-

51 2389 164 2422 nissen
195 2388 283 2422 doch
315 2388 409 2421 nicht
438 2388 652 2431 iibermuthig
685 2398 726 2421 zu

50 2433 212 2474 handeln,
248 2443 346 2467 wenn
371 2433 424 2467 ich
448 2433 506 2466 aus
528 2433 592 2466 den
617 2433 727 2467 srfihe—

50 2489 110 2512 ren
128 2478 364 2521 Forderungen
392 2478 539 2518 bestehe,
565 2488 600 2512 es
625 2478 728 2511 lieber

52 2523 111 2557 auf
132 2524 229 2557 einen
253 2523 376 2566 Kampf
399 2524 600 2556 ankommen
627 2523 727 2564 lasse,

52 2569 101 2602 als
127 2579 195 2601 von
219 2569 402 2602 denselben
432 2567 572 2611 abgehe.
596 2587 640 2593 —
665 2571 727 2600 im-

120 2629 175 2656 Tit.
193 2629 252 2656 Liv.
272 2629 314 2656 Vl.
335 2631 359 2656 ⁶2.
398 2630 422 2656 3.
446 2629 517 2656 Auss.

789 1083 906 1124 posito
932 1084 1007 1117 etc..
1039 1080 1261 1122 Erlauterung
1290 1079 1357 1112 und
1383 1079 1470 1112 Stei-

791 1136 920 1169 gerung
953 1125 1012 1158 des
1046 1124 1274 1168 Vol'hergeh.:
1307 1124 1471 1157 nachdem

790 1172 835 1204 du
867 1171 985 1203 ltalien
1021 1169 1174 1212 ganzlich
1213 1170 1365 1212 geraumt
1401 1169 1470 1202 und

791 1216 1003 1259 aufgegeben
1029 1215 1165 1248 battest.
1184 1234 1227 1238 —
1253 1217 1379 1256 ipsum,
1404 1215 1470 1247 wie

791 1266 852 1294 tua
868 1262 1070 1293 voluntate:
1096 1260 1154 1292 aus
1165 1259 1306 1301 eigenen
1320 1259 1470 1300 Antrieb,

790 1306 883 1339 nicht
907 1316 974 1338 von
1000 1305 1062 1337 mir
1086 1304 1332 1347 genothigt.—
1350 1315 1469 1346 asper-

791 1362 912 1391 narer,
937 1350 1086 1389 damals,
1111 1349 1160 1382 als
1185 1349 1238 1382 ich
1266 1349 1352 1382 noch
1377 1348 1469 1381 nicht

792 1397 1005 1438 iibergesetzt
1030 1404 1120 1435 war,
1146 1394 1237 1426 batte
1262 1393 1470 1427 zuriickwei-

792 1451 850 1474 sen
884 1440 1018 1473 wollen.
1044 1459 1087 1464 —
1116 1450 1224 1471 manu
1259 1442 1469 1478 consertum,

792 1486 971 1529 Supinum;
992 1485 1050 1517 der
1063 1483 1242 1517 Ausdruck
1259 1484 1304 1517 ist
1318 1484 1383 1517 wie
1396 1485 1416 1525 ξ
1430 1487 1468 1517 5:

792 1530 985 1564 secundum
999 1530 1057 1562 der
1070 1528 1311 1572 gerichtlichen
1322 1528 1470 1571 Sprache

793 1577 825 1608 in
857 1575 921 1608 den
947 1575 1202 1618 Legisactionen
1234 1573 1404 1615 entlehnt,
1435 1574 1468 1606 in

793 1621 900 1654 denen
927 1620 979 1653 die
1005 1618 1209 1653 streitenden
1235 1618 1389 1651 Parteien
1414 1629 1469 1652 um

792 1666 857 1699 den
891 1665 1106 1707 Gegenstand
1140 1663 1199 1697 der
1230 1663 1336 1706 Klage
1373 1664 1469 1696 einen

793 1710 1034 1752 Scheinkamps
1057 1710 1244 1752 begannen,
1269 1719 1296 1742 s.
1315 1708 1397 1741 Gell.
1416 1711 1470 1748 20,

796 1759 848 1797 10,
873 1758 914 1788 9:
948 1757 1149 1787 institutum
1181 1758 1248 1796 esc,
1274 1773 1296 1777 —
1335 1758 1374 1785 ut
1400 1754 1470 1786 liti-

791 1805 919 1843 gantes
944 1811 1015 1832 non
1039 1803 1078 1831 in
1104 1802 1182 1831 iure
1211 1799 1309 1841 apud
1329 1802 1470 1841 praelo-

794 1856 868 1879 rem
882 1856 1025 1878 manum
1043 1848 1236 1885 conserent,
1249 1844 1310 1876 sed
1323 1846 1378 1875 ‘eae
1392 1846 1471 1876 iure

794 1901 938 1923 manum
952 1892 1161 1922 consertum'
1175 1893 1353 1930 vocarent,
1367 1889 1406 1921 id
1421 1893 1472 1921 est

795 1937 886 1969 alter·
909 1936 1060 1968 alterum
1086 1945 1130 1966 ex
1154 1937 1232 1966 iure
1257 1934 1304 1966 ad
1326 1944 1470 1966 manum

796 1980 1047 2014 conserendam
1072 1982 1110 2012 in
1124 1990 1208 2021 rem,
1235 1979 1277 2011 de
1302 1989 1371 2021 qua
1390 1989 1470 2021 age-

795 2030 896 2059 retur·
920 2026 986 2065 (aut
1012 2025 1075 2058 den
1091 2024 1200 2057 Acker
1222 2027 1320 2065 uSW.)
1345 2042 1388 2047 —
1412 2034 1470 2056 υο-

796 2075 895 2104 caret
919 2076 994 2112 etc.‚
1023 2069 1126 2102 Varro
1150 2069 1185 2101 L.
1211 2069 1244 2102 L.
1271 2071 1302 2109 6,
1328 2070 1388 2102 64;
1419 2070 1471 2101 sic

797 2126 980 2148 conserere
1015 2125 1159 2146 manum
1199 2114 1353 2145 dicimur
1394 2123 1472 2145 cum

797 2162 902 2202 hoste,
928 2162 980 2192 sic
1004 2171 1049 2191 ex
1073 2162 1152 2191 iure
1176 2168 1320 2191 manum
1335 2168 1473 2190 conser-

798 2210 869 2238 tum
884 2215 1030 2245 vocare‚·
1055 2204 1138 2238 Gell.
1154 2204 1174 2236 l.
1188 2204 1227 2237 l.:
1251 2213 1322 2235 non
1336 2214 1380 2235 esc
1393 2205 1473 2235 iure

795 2261 904 2283 manu
926 2254 1125 2282 consertum
1150 2248 1211 2280 sed
1234 2250 1350 2290 magis
1374 2247 1472 2286 ferro

796 2307 869 2329 rem
905 2299 1080 2337 repetunt.
1139 2293 1202 2326 Der
1241 2303 1316 2325 zum
1352 2292 1477 2336 Kampf

796 2340 1037 2374 Auss'ordernde
1056 2339 1212 2372 bediente
1228 2337 1298 2371 sich
1324 2337 1382 2371 der
1396 2338 1472 2371 For-

797 2386 880 2419 mel:
905 2385 988 2417 inde
1012 2386 1063 2417 ihi
1086 2395 1149 2426 ego
1169 2388 1200 2415 te
1214 2386 1350 2415 eaeiure
1363 2392 1472 2415 manu

797 2435 996 2464 consertum
1010 2440 1105 2462 voco.
1124 2429 1187 2461 Der
1200 2427 1303 2461 Streit
1319 2426 1472 2469 dariiber,

797 2477 839 2509 ob
866 2475 1029 2508 Hannibal
1055 2474 1114 2507 das
1138 2472 1247 2506 Recbt
1272 2472 1374 2514 habe,
1407 2473 1472 2505 lta·

797 2521 863 2554 lien
890 2521 938 2553 als
963 2521 1034 2554 sein
1047 2519 1249 2562 Eigenthum
1267 2528 1307 2550 zu
1322 2518 1473 2551 betrach-

798 2570 872 2607 ten,
907 2576 935 2598 s.
967 2567 1021 2607 22,
1049 2567 1104 2606 44,
1128 2566 1160 2605 ὃ,
1191 2563 1255 2597 soll
1286 2563 1320 2596 in
1350 2563 1472 2603 Africa,

1164 2621 1200 2654 11
