1732 2840
223 89 303 128 190
644 92 769 125 LIBER
794 92 938 126 XXVIII.
984 93 1077 127 CAP.
1102 96 1156 128 25.
1184 95 1239 129 26.

1499 111 1526 132 a.
1547 113 1574 132 u.
1593 107 1654 133 543.

165 214 199 245 ιι
223 213 352 259 partes
374 219 443 246 seu
468 207 638 246 universi
659 207 831 246 mallent.
886 208 1137 259 tranquillam
1158 208 1391 248 seditionem
1413 220 1485 260 per
1505 221 1548 248 se
1568 209 1653 249 lan-

223 269 474 316 guescentem
497 264 702 314 repentina
724 264 836 315 quies
855 264 1128 304 rebellantium
1151 265 1416 317 Hispanorum
1438 266 1549 306 fecit:
1588 278 1652 306 re-

223 321 374 360 dierant
389 320 493 358 enim
508 319 549 358 in
566 319 656 358 finis
673 320 818 359 omisso
839 320 996 372 incepto
1015 320 1251 361 Mandonius
1273 328 1311 361 et
1330 321 1519 370 Indibilis,
1542 328 1651 373 post-

165 383 200 414 12
222 388 337 428 quam
359 376 483 415 vivere
504 376 731 428 Scipionem
759 376 927 416 adlatum
958 382 1036 425 est;
1065 391 1138 417 nec
1159 378 1234 417 iam
1256 384 1338 417 erat
1365 384 1431 417 aut
1460 378 1554 418 civis
1585 385 1653 418 aut

162 439 200 471 13
222 439 428 480 externus,
452 445 539 472 cum
563 445 641 484 quo
664 434 837 472 furorem
859 446 975 472 suum
997 435 1282 474 consociarent.
1330 435 1460 474 omnia
1481 435 1651 474 circum-

221 495 442 541 spectantes
459 490 620 528 consilia
636 490 733 528 nihil
754 490 896 541 reliqui
918 490 1112 531 habebant
1133 499 1287 543 piaeter
1308 503 1389 531 non
1411 492 1651 532 tutissimum

221 558 241 584 a
262 546 373 585 malis
395 546 568 585 consiliis
589 551 804 598 ieceptum,
830 553 874 586 ut
894 547 1142 598 imperatoris
1161 549 1221 587 vel
1243 549 1367 587 iustae
1388 548 1468 587 irae
1487 548 1546 588 vel
1567 560 1648 588 non

219 603 483 665 desperandae
512 602 740 642 clementiae
761 615 847 643 sese
868 604 1178 644 committerent:
1211 605 1325 645 etiam
1355 597 1535 644 hostibus
1558 617 1649 644 eum

161 666 199 697 14
219 659 437 710 ignovisse,
469 671 557 698 cum
580 659 723 710 quibus
754 660 858 699 ferro
887 661 1128 705 dimicasset:
1159 674 1269 701 suam
1300 660 1531 700 seditionem
1564 661 1650 701 sine

217 715 393 763 vulnere,
411 717 495 755 sine
506 716 697 766 sanguine
710 716 844 765 fuisse,
861 729 935 756 nec
951 717 1074 768 ipsam
1091 723 1274 768 atrocem,
1292 730 1365 757 nec
1383 718 1506 757 atroci
1522 730 1650 770 poena

218 773 396 823 dignam:
429 780 472 813 ut
493 773 651 824 ingenia
673 773 843 812 humana
865 779 958 812 sunt
978 774 1024 813 ad
1046 786 1155 814 suam
1178 776 1321 827 cuique
1343 774 1543 814 levandam
1565 775 1649 814 cul-

158 834 195 866 15
216 841 305 881 pam
327 829 447 868 nimio
470 829 559 880 plus
581 829 759 869 facunda.
801 830 864 869 illa
886 829 1075 879 dubitatio
1098 837 1190 880 erat,
1213 831 1443 882 singulaene
1465 831 1648 871 cohortes

216 898 265 924 an
287 885 459 925 universi
480 886 526 925 ad
548 886 786 937 stipendium
809 887 1021 938 petendum
1047 887 1163 927 irent.
1212 887 1411 927 inclinavit
1440 887 1646 937 sententia,

217 942 322 993 quod
343 943 466 982 tutius
487 942 713 986 censebant,
737 943 942 983 universos
964 943 1032 983 ire.

147 999 196 1035 26
328 998 404 1037 Per
426 999 581 1038 eosdem
605 999 707 1048 dies,
739 999 881 1050 quibus
904 1000 999 1039 haec
1025 1000 1078 1039 illi
1109 1000 1404 1049 consultabant,
1437 1002 1647 1041 consilium

174 1059 194 1090 2
215 1055 262 1094 de
279 1054 327 1094 iis
345 1053 567 1106 Carthagini
585 1061 678 1103 erat,
702 1056 1002 1107 certabaturque
1019 1057 1238 1106 sententiis,
1260 1062 1393 1096 utrum
1410 1057 1449 1097 in
1465 1064 1646 1098 auctores

214 1117 365 1151 tantum
382 1111 586 1151 seditionis
601 1135 656 1140 —
673 1118 784 1151 erant
799 1118 926 1152 autem
940 1113 966 1152 ii
984 1125 1150 1152 numero
1167 1113 1269 1153 haud
1287 1114 1376 1165 plus
1392 1126 1508 1165 quam
1527 1115 1644 1166 quin-

213 1180 290 1219 que
312 1174 350 1207 et
370 1168 528 1219 triginta
549 1191 604 1197 -—
625 1168 1012 1217 animadverteretur,
1033 1182 1082 1209 an
1104 1170 1278 1221 plurium
1300 1171 1496 1222 supplicio
1519 1171 1645 1210 vindi-

963 1269 1145 1302 verhehlen
1179 1269 1227 1302 sie
1257 1269 1340 1303 sich.
1365 1289 1409 1294 —
1442 1273 1551 1302 nimia
1584 1271 1646 1313 pL,

211 1270 311 1311 μέρη.
336 1287 380 1291 --
405 1268 589 1310 tranquill.
616 1287 642 1291 —
668 1269 765 1311 feeit,
791 1271 821 1310 7,
838 1271 893 1311 26,

963 1325 988 1348 s.
1018 1317 1046 1356 1,
1071 1316 1104 1355 2,
1130 1317 1160 1348 3.
1187 1334 1231 1338 ——
1255 1315 1425 1357 facunda,
1453 1315 1644 1359 redesertig,

213 1316 249 1351 33
288 1314 485 1356 tranquill„
518 1314 549 1346 in
588 1314 701 1347 sosern
731 1314 803 1347 sich
839 1314 892 1347 die

210 1359 408 1402 Aufregung
422 1359 523 1402 legte,
538 1360 728 1401 langue-sc..
753 1359 812 1392 das
825 1359 892 1392 Un-

211 1407 345 1446 gestGm
360 1404 483 1437 bereits
497 1404 682 1442 nachliess,
709 1407 817 1446 quies,
844 1405 892 1437 in-

210 1449 319 1482 solern
354 1449 402 1482 sie
433 1449 543 1483 nichts
576 1450 671 1482 mehr
694 1450 822 1483 thaten.
847 1469 892 1474 ——

211 1495 405 1533 rebellant„
439 1495 521 1527 eben
556 1495 642 1528 noch
675 1495 719 1526 im
745 1495 891 1527 Ausruhr

209 1539 383 1582 begriffen.

260 1586 400 1618 12—15.
425 1587 633 1624 consociata,
659 1595 690 1617 n.
716 1585 769 1618 die
788 1585 889 1618 romi-

209 1630 313 1662 schen
337 1629 510 1663 Soldaten.
530 1649 573 1654 —
595 1633 713 1662 omnia
740 1641 766 1663 c.
795 1641 834 1671 c.,
860 1641 888 1663 c.

209 1677 263 1714 26,
281 1678 314 1708 1:
344 1676 609 1707 consultabant:
635 1675 700 1708 alle
717 1675 818 1708 Plane
838 1676 889 1708 ins

208 1718 304 1763 A'uge
341 1720 469 1763 sassen;
518 1720 603 1753 nach
649 1720 736 1754 allen
774 1720 888 1753 Seiten

208 1765 375 1808 angstlich
401 1766 472 1799 sich
495 1766 667 1805 umsehen,
693 1766 888 1809 iiberlegen,

207 1810 360 1844 welchen
386 1811 467 1843 Plan
494 1820 571 1843 man
596 1811 705 1844 fassen
738 1811 885 1854 konnte3

207 1855 423 1898 gewohnlich
471 1866 532 1888 nur
590 1858 887 1898 circmnspectare

207 1903 346 1941 omnia,
379 1900 464 1932 doch
499 1901 541 1933 ist
572 1900 711 1933 deshalb
738 1902 886 1933 consilia

207 1945 299 1978 nicht
325 1955 365 1977 zu
391 1946 575 1978 enllernen.
601 1965 645 1969 —
670 1946 769 1987 reliq.
797 1947 887 1985 hab„

206 1991 272 2023 wie
297 1993 393 2023 sonst
417 1992 510 2022 nz'leil
533 1991 664 2033 reliqui
694 1995 765 2029 est;
796 1992 887 2023 uz'lzil

206 2036 337 2077 reliqui
359 2035 480 2074 facere
506 2039 536 2077 Τ,
562 2038 614 2076 35,
634 2037 806 2069 8.—non
834 2040 886 2068 tu-

207 2083 289 2119 tiss„
324 2081 392 2124 vgl.
419 2092 446 2114 c.
472 2084 524 2121 34,
552 2083 581 2115 3.
614 2100 655 2104 —
690 2085 730 2113 ut
759 2084 882 2124 imper.

205 2131 268 2158 etc.
294 2126 482 2169 Erklarung
506 2137 571 2159 von
603 2131 799 2169 receptum,
835 2126 885 2159 als

205 2171 247 2203 ob
272 2171 519 2214 vorhergienge
544 2172 583 2204 id
601 2175 737 2204 tantum
755 2172 885 2214 reliqui

205 2217 389 2249 habebant.
414 2236 458 2241 ——
485 2217 726 2259 desperandae
752 2218 795 2250 ist
819 2217 886 2250 wie

204 2262 291 2294 viele
315 2261 525 2301 Gerundiva,
553 2262 682 2295 welche
707 2262 886 2295 Gemiitlis-

204 2306 438 2350 bewegungen
466 2307 687 2348 bezeichnen,
718 2308 782 2341 fast
808 2318 883 2340 zum

204 2351 359 2392 Adjectiv
385 2353 577 2395 geworden.
602 2372 645 2376 —
672 2355 776 2385 etiam
795 2354 881 2385 host.

203 2399 266 2429 etc.
294 2396 432 2430 Schluss
457 2407 473 2429 a
489 2399 616 2430 minore
630 2397 671 2430 ad
685 2398 813 2431 maius:
840 2398 881 2431 da

202 2451 348 2474 er—um
373 2452 410 2474 so
436 2443 503 2475 viel
529 2443 622 2476 mehr
644 2443 755 2476 werde
769 2453 814 2482 er,
840 2443 880 2476 da

195 2487 233 2527 ja
252 2496 348 2527 usw.,
374 2489 485 2528 s.§6;
512 2488 590 2521 dass
615 2488 664 2529 sie
688 2488 737 2522 als
755 2488 881 2531 Biirger

201 2531 272 2564 sich
304 2532 384 2565 weit
419 2532 513 2565 mehr
539 2543 732 2576 vei-gangen
759 2534 879 2573 haben,

963 1360 1123 1402 gewandt
1148 1360 1193 1392 im
1217 1360 1342 1392 Finden
1368 1371 1436 1393 von
1461 1361 1645 1394 Gedanken

962 1405 1029 1437 und
1062 1405 1222 1445 Worten,
1258 1405 1370 1438 indem
1406 1405 1459 1439 bei
1496 1408 1645 1448 ingenia

962 1450 1057 1483 mehr
1069 1460 1111 1482 an
1126 1450 1179 1483 die
1187 1449 1367 1484 Menschen
1382 1450 1528 1494 gedacht
1540 1451 1641 1490 wird:

962 1495 1010 1528 ad
1034 1496 1098 1528 wie
1116 1497 1170 1535 39,
1185 1498 1238 1535 40,
1254 1498 1272 1529 5
1299 1496 1463 1528 versatile
1488 1496 1554 1537 ad;
1577 1496 1644 1530 Du—

959 1541 1019 1573 ker
1043 1551 1147 1574 verm.
1179 1541 1353 1582 sae-unda,
1383 1541 1568 1584 passender
1600 1552 1642 1575 zu

960 1588 1104 1628 ingenia
1131 1586 1180 1618 als
1195 1596 1234 1618 zu
1250 1586 1298 1618 ad
1310 1586 1496 1618 levandam
1510 1597 1559 1627 e.,·
1584 1597 1643 1620 an-

958 1631 1053 1664 deret
1066 1632 1126 1663 Art
1151 1631 1224 1664 sind
1242 1631 1296 1664 die
1311 1633 1364 1670 27,
1385 1634 1435 1674 15,
1449 1633 1468 1665 8
1488 1632 1640 1665 erwiihn-
1699 1638 1704 1640 '

958 1681 1014 1708 ten
1039 1676 1291 1718 Falla—illa,
1318 1687 1379 1709 nur
1404 1676 1546 1710 dai-iiber
1571 1687 1642 1711 war

958 1731 1034 1753 man
1048 1722 1231 1764 ungewiss.
1244 1740 1286 1745 —-
1298 1722 1487 1754 inclinavit
1500 1722 1588 1756 ohne
1601 1734 1640 1756 eo

958 1766 1025 1799 und
1041 1767 1100 1799 mit
1114 1767 1253 1800 anderes
1267 1766 1453 1800 Construct.
1472 1769 1638 1808 32,13‚5:

956 1813 1146 1844 inelinavit
1168 1815 1352 1853 sententia,
1378 1816 1419 1844 ut
1435 1815 1473 1844 ἰἠ
1496 1812 1638 1846 Thessa-

957 1857 1042 1889 liam
1070 1867 1196 1897 agmen
1223 1858 1428 1889 demitteret.

1001 1901 1063 1936 26.
1081 1904 1175 1935 1—3.
1191 1901 1413 1944 Carthagini,
1424 1902 1516 1935 diese
1528 1904 1638 1945 humi,

957 1947 1062 1987 domi,
1087 1948 1219 1988 arbori,
1245 1946 1387 1988 Lavini,
1408 1946 1538 1979 Romae
1555 1947 1638 1989 (Ro-

956 1994 1052 2032 ηιαί),
1078 2002 1105 2025 s.
1123 1995 1152 2032 5,
1168 1994 1220 2031 51,
1235 1995 1266 2031 9,
1293 1992 1559 2035 entsprechende
1576 1993 1638 2026 Lo-

956 2036 1130 2070 cativsorm
1157 2037 1214 2068 hat
1239 2037 1271 2069 L.
1298 2037 1491 2077 bisweilen‚
1528 2048 1555 2071 s.
1581 2040 1637 2079 30,

955 2084 985 2122 9,
1005 2084 1039 2119 3;
1065 2082 1109 2114 ib.
1134 2084 1189 2124 44,
1215 2084 1252 2119 4;
1280 2084 1334 2122 31,
1364 2085 1414 2126 11,
1441 2085 1472 2125 7,
1498 2083 1634 2125 vgl.35‚

956 2129 1008 2168 35,
1046 2129 1080 2164 1;
1113 2126 1274 2159 Periocha
1308 2129 1350 2161 28
1377 2138 1406 2162 a.
1431 2138 1476 2168 u.,
1511 2128 1634 2162 ebenso

955 2172 1020 2205 Cic.
1047 2172 1115 2204 Att.
1144 2174 1195 2211 16,
1223 2174 1261 2215 33
1288 2172 1382 2206 Caes.
1409 2172 1446 2206 B.
1472 2173 1508 2205 G.
1535 2175 1634 2214 7‚55.

954 2218 1142 2250 —certab.
1168 2221 1266 2257 sent,
1290 2218 1358 2260 vgl.
1384 2220 1438 2258 42,
1465 2220 1517 2257 50,
1539 2221 1576 2256 1‚-
1603 2221 1634 2260 7,

955 2264 1008 2301 39,
1035 2264 1070 2300 9;
1097 2261 1175 2295 Tac.
1202 2263 1288 2296 Ann.
1320 2266 1347 2303 1,
1376 2265 1434 2296 29:
1461 2267 1634 2296 certatum

954 2308 1036 2340 inde
1056 2310 1251 2342 sententiis
1271 2318 1349 2340 eum
1363 2308 1429 2340 aliz·
1440 2327 1466 2332 —
1479 2309 1633 2350 permul-

954 2353 1101 2385 cendum
1114 2353 1261 2385 melitem
1276 2364 1395 2385 censer
1397 2357 1464 2394 ent,
1480 2353 1546 2385 alii
1557 2353 1633 2392 fot·-

953 2399 1102 2430 tim-ibus
1118 2399 1282 2430 remediis
1286 2398 1486 2452 agendum,
1511 2398 1631 2442 Poly.b

952 2454 978 2476 c.
1004 2444 1063 2477 26:
1098 2440 1180 2477 ἕὸοὲ
1164 2453 1221 2475 εν
1254 2439 1373 2476 αὐτοῖς
1406 2443 1531 2485 (Scipio
1563 2443 1630 2476 und

951 2488 1014 2521 den
1029 2485 1249 2524 Tribunen)
1230 2491 1366 2533 vyue'pm
1383 2484 1631 2532 διασαφήσαν-

952 2543 1013 2565 τας
1038 2533 1085 2565 εἰς
1108 2530 1152 2575 ἣν
1178 2520 1309 2566 (ἳενσει
1313 2535 1481 2575 παρεῖναι
1507 2538 1571 2567 etc.
1586 2553 1630 2557 —
