1732 2840
496 77 620 112 LIBER
644 76 790 111 xxvln.
839 76 932 111 CAP.
962 79 1011 111 14.
1392 76 1466 116 161

43 97 73 118 a.
94 90 145 118 cu.
165 91 223 118 206.

45 199 170 234 castra
200 192 325 241 dedit,
356 199 399 231 ut
426 198 515 232 ante
542 192 671 231 lucem
691 191 762 231 viri
784 192 954 243 equique
977 191 1099 232 curati
1119 199 1154 232 et
1174 191 1306 244 pransi
1330 197 1472 241 essent,
1494 200 1511 231 7

46 256 216 290 armatus
237 260 357 300 eques
377 248 550 288 frenatos
571 248 834 300 instratosque
855 254 1006 288 teneret
1027 260 1162 300 equos.
1204 248 1360 288 vixdum
1381 249 1473 289 satis
1494 256 1512 288 S

22 302 23 312 ³
46 312 151 346 certa
172 306 260 345 luce
282 305 496 356 equitatum
518 317 673 344 omnem
695 317 784 344 cum
813 304 886 344 levi
911 310 1105 344 armatura
1126 305 1167 344 in
1188 305 1373 344 stationes
1394 304 1473 344 Pu-

46 365 154 403 nicas
183 361 363 410 immisit3
394 361 484 401 inde
515 361 719 401 confestim
749 362 833 413 ipse
864 373 953 400 cum
975 361 1078 412 gravi
1100 362 1254 413 agmine
1274 361 1474 412 legionum

20 426 22 429 “
46 418 236 472 procedit,
267 424 422 469 praeter
443 418 668 470 opinionem
692 418 919 458 destinatam
941 429 1102 457 suorum
1124 418 1375 470 hostiumque
1395 417 1474 457 Ro·
1494 425 1514 458 9

20 475 23 485 '
45 487 162 516 mano
190 474 313 514 milite
334 473 521 514 cornibus
542 475 721 521 firmatis,
753 475 870 514 sociis
899 474 938 513 in
960 474 1127 514 mediam
1147 475 1269 514 aciem
1290 474 1473 526 acceptis.

168 530 386 571 Hasdrubal
423 531 592 570 clamore
628 532 803 582 equitum
840 530 1026 571 excitatus
1062 536 1106 570 ut
1141 543 1187 570 ex
1221 530 1472 570 tabernaculo
1496 538 1534 570 10

20 585 21 589 ’
44 587 248 641 prosiluit,
280 587 570 639 tumultumque
600 594 688 627 ante
715 587 854 627 vallum
876 593 913 626 et
933 587 1232 639 trepidationem
1253 599 1417 627 suorum
1438 592 1476 627 et

19 642 21 646 ’
45 644 186 697 procul
207 644 318 696 signa
337 644 535 696 legionum
557 643 745 694 fulgentia
765 644 983 696 plenosque
1004 644 1176 684 hostium
1197 656 1353 696 campos
1369 643 1474 692 vidit,

18 699 21 714 ³
46 701 261 752 equitatum
283 713 438 740 omnem
460 700 653 752 extemplo
675 701 714 740 in
738 701 888 752 equites
909 700 1068 748 emittit3
1094 701 1178 752 ipse
1195 713 1283 740 cum
1299 700 1474 752 peditum
1499 707 1534 739 11

46 757 199 809 agmine
221 757 357 796 castris
379 757 590 809 egreditur,
624 769 697 796 nec
718 770 763 797 ex
785 757 921 796 ordine
943 757 1057 797 solito
1079 757 1289 808 quicquam
1311 757 1392 796 acie
1413 757 1475 795 in-

16 850 19 857 .
45 813 234 854 struenda
263 819 398 854 mutat.
442 815 616 866 equitum
645 814 719 853 iam
751 814 812 853 diu
847 826 990 866 anceps
1011 825 1143 865 pugna
1165 820 1266 862 erat,
1297 825 1370 853 nec
1391 813 1474 865 ipsa
1496 819 1534 852 12

18 867 19 870 ’
45 882 117 923 per
137 882 179 911 se
201 870 358 910 decerni
380 876 551 922 poterat,
584 870 672 921 quia
693 870 838 922 pulsis,
871 870 974 922 quod
995 882 1119 922 prope
1141 870 1181 909 in
1203 870 1325 909 vicem
1347 869 1473 917 fiebat,

15 931 17 934 ⁴
45 927 87 966 in
109 928 230 967 aciem
260 927 435 978 peditum
465 933 572 966 tutus
602 933 786 979 receptus
816 932 916 974 erat;
949 926 1018 966 sed
1049 925 1117 965 ubi
1146 926 1221 965 iam
1252 926 1355 966 haud
1385 926 1475 977 plus
1499 932 1536 964 13

16 985 17 993 ¹
46 983 286 1035 quingentos
307 995 445 1035 passus
466 984 568 1023 acies
589 983 692 1022 inter
713 996 797 1023 sese
823 982 1004 1030 aberant,
1035 982 1149 1034 signo
1179 982 1358 1034 receptui
1389 982 1474 1021 dato

46 1115 147 1137 serae
183 1104 321 1138 wurden
356 1114 423 1137 von
460 1103 523 1136 den
556 1102 726 1137 Tribunen

796 1115 860 1137 σον
895 1101 937 1137 τὸ
974 1101 1112 1138 πεδίον.
1140 1123 1180 1129 —
1216 1106 1385 1148 acceptis,
1420 1105 1476 1146 23,

13 1149 15 1170 ‘³
47 1149 150 1182 durch
170 1148 234 1182 den
249 1151 457 1182 tesserarius
470 1159 512 1182 an
533 1148 586 1182 die
605 1149 725 1182 einzel-

13 1196 15 1234 j
46 1204 111 1228 nen
125 1194 373 1238 Abtheilungen
389 1195 434 1227 im
447 1194 553 1238 Lager
573 1195 726 1238 gegeben

46 1239 115 1273 und
148 1240 293 1283 giengen
323 1241 356 1272 in
390 1240 480 1273 einer
513 1239 726 1273 bestimmten

12 1320 15 1327 V
47 1284 208 1328 Ordnung
237 1284 342 1318 durch
378 1285 443 1318 alle
475 1284 622 1318 Turmen
657 1284 725 1318 und

12 1365 13 1371 ¹
46 1329 194 1373 Manipel
234 1340 276 1363 an
306 1329 477 1363 dieselben
515 1329 651 1363 zurfick.
682 1349 725 1354 -—

12 1373 14 1387 ¹
46 1377 119 1408 viri
141 1374 234 1408 nicht
258 1375 357 1408 allein
377 1374 430 1408 die
449 1375 570 1414 Reiter,
596 1375 726 1417 wie§8

11 1421 14 1444 ²
49 1420 234 1460 confestim
258 1421 358 1463 zeigt.
383 1439 428 1444 —
452 1425 534 1453 ante
560 1421 640 1462 luc„
665 1421 728 1454 Po-

11 1483 14 1511 i
47 1465 119 1509 lyb.
146 1465 226 1498 hebt
250 1465 389 1506 hervor,
423 1465 502 1499 dass
527 1465 612 1499 auch
637 1465 729 1499 diese

47 1510 143 1544 frfihe
179 1510 458 1554 Ueberraschung
493 1510 552 1544 des
588 1510 729 1544 Feindes

10 1592 11 1595 Ἴ
48 1555 117 1589 wol
141 1554 288 1589 bedacht
311 1556 380 1588 und
404 1566 471 1589 von
497 1555 643 1590 Einssuss
673 1566 729 1599 ge-

10 1610 11 1614 *
47 1610 163 1634 wesen
188 1601 248 1639 sei,
273 1601 394 1634 wasL.
420 1604 488 1634 erst
512 1611 539 1634 c.
561 1604 613 1643 15,
627 1603 646 1635 3
672 1611 728 1634 an-

10 1675 13 1688 ,
49 1645 175 1686 deutet,
200 1645 270 1688 vgl.
296 1646 383 1688 App.
403 1647 465 1680 26:
491 1646 623 1699 ἐπῆἷεν
647 1642 728 1679 0²:30-

8 1709 11 1715 ·
49 1687 165 1732 κή-τως
187 1692 261 1724 τοῖς
285 1688 474 1742 πολεμιοις.
500 1709 542 1714 —
564 1687 728 1735 Ασδρού-

49 1738 117 1778 βας
140 1754 165 1760 -
198 1731 361 1768 σταδίων
398 1732 520 1768 ὄντων
556 1736 596 1768 ἐν
629 1747 728 1787 μεσῳ

8 1785 14 1823 ᾖ
49 1777 136 1814 δέκα
148 1776 286 1834 μόνων,
311 1777 437 1813 ἄσιτον
459 1778 572 1813 οὖσαν
595 1781 650 1814 ἔτι
663 1778 730 1822 τὴν

50 1828 229 1869 στρατιάν
255 1822 426 1867 malagma.
451 1845 495 1850 —
521 1828 648 1868 curati,
677 1825 731 1859 die

8 1902 9 1913 ,
49 1870 188 1911 Pferde,
217 1873 363 1913 pransi,
393 1871 447 1904 die
471 1871 650 1905 Soldaten:
682 1871 731 1905 sie

8 1957 9 1962 Ἰ
50 1915 159 1950 sollen
184 1935 212 1939 —
236 1916 357 1950 haben.

7 1997 9 1999 -
97 1973 197 2006 8—9.
221 1973 318 2005 via-d.
343 1983 369 2004 s.
396 1972 551 2013 cer-tal„
577 1974 628 2014 22,
644 1975 676 2011 4,
689 1975 728 2010 4;

6 2019 9 2068 j
52 2017 122 2060 vgl.
136 2016 257 2069 Polyb.
270 2018 293 2051 l.
307 2017 330 2051 l.
356 2013 430 2069 ἅμα
454 2018 508 2060 τῷ
533 2019 630 2062 φωτὶ
654 2014 729 2051 δια-

7 2071 8 2075 ’
51 2057 283 2105 πεμψάμενος
306 2073 388 2096 τους
402 2061 580 2116 ὑπηρέτας
596 2061 730 2108 παρήγ-

6 2139 8 2146 ,
52 2104 146 2153 γειλε
170 2107 259 2140 πᾶσι
282 2110 355 2140 τοῖς
354 2096 562 2161 χιλιάρχοις
584 2110 730 2141 καὶτοῖς

6 2155 7 2190 I
52 2148 294 2208 στρατιώταις
344 2148 732 2206 ἀριστοποιησαμένους

6 2233 7 2238 ¹
53 2198 113 2229 καὶ
150 2185 486 2249 καθοπλισαμένσυς
516 2195 657 2244 ἐξάγειν
691 2199 730 2231 ἐκ

53 2242 117 2275 τοῦ
144 2238 304 2286 χάρακος.
330 2262 372 2267 -
399 2246 556 2286 opinion.
582 2244 678 2285 dest„
703 2254 729 2277 s.

5 2312 7 2326 ,
55 2289 110 2328 21,
123 2289 179 2329 44,
193 2289 230 2320 9:
255 2289 287 2319 si
311 2288 376 2320 hoc
395 2307 424 2312 -
448 2289 653 2321 omnibus-
667 2270 730 2321 ’de-

4 2346 7 2363 z
54 2334 224 2364 stinatum
248 2334 286 2364 in
312 2335 428 2365 animo
447 2337 507 2375 est,
532 2333 684 2367 concilia
702 2352 728 2357 -—

4 2374 6 2394 ³*
55 2377 232 2410 destinata
257 2379 312 2420 42,
338 2379 511 2418 48,1.—
536 2380 668 2413 cor-nib.
692 2379 730 2419 fi,

56 2423 112 2463 22,
141 2424 195 2462 46,
230 2424 268 2456 3:
304 2423 420 2455 media
452 2426 527 2456 acie
555 2424 731 2467 peditibus

3 2475 7 2511 js
56 2467 221 2507 firmata;
246 2469 278 2509 2,
304 2469 358 2509 31,
383 2469 422 2510 2;
449 2470 480 2509 6,
481 2469 546 2520 23,
565 2470 621 2508 12;
648 2469 732 2502 nach

3 2521 8 2547 s
57 2511 178 2555 Polyb.
195 2517 281 2546 erst:
307 2494 597 2600 παῗαγενὸμενος
612 2514 661 2548 εἰς
675 2516 734 2557 με’-

2 2563 6 2579 '
125 2567 180 2601 Tit
201 2572 258 2600 mv.
280 2573 323 2600 vl.
376 2575 475 2601 ..Auri

795 1151 849 1191 29,
875 1151 905 1183 3.

843 1196 986 1228 10—12.
1021 1197 1126 1236 signa
1162 1195 1184 1228 l.
1221 1195 1264 1236 fi,
1300 1194 1335 1228 L.
1370 1194 1502 1235 denkt,

795 1239 1076 1273 wahrscheinlich
1100 1249 1142 1273 an
1166 1239 1220 1273 die
1251 1244 1319 1274 erst
1342 1239 1376 1273 in
1400 1241 1476 1283 spii-

796 1288 883 1318 terer
913 1285 987 1318 Zeit
1012 1284 1268 1328 gewohnlichen
1293 1284 1414 1327 Adler,
1447 1295 1474 1318 s.

795 1331 850 1371 26,
876 1331 1006 1372 48,12;
1036 1332 1087 1371 10,
1103 1332 1184 1372 5,6;
1210 1330 1289 1364 Tac.
1313 1329 1352 1363 H.
1367 1333 1398 1371 3,
1416 1332 1474 1364 18:

796 1375 929 1414 fulsere
954 1375 1132 1417 legionum
1156 1377 1283 1417 sigum
1309 1375 1395 1408 Ann.
1423 1377 1476 1418 15,

798 1422 852 1454 29.
876 1439 920 1444 -
945 1431 990 1453 ex
1014 1420 1090 1454 ord.
1115 1421 1191 1461 sol„
1223 1420 1255 1453 in
1281 1419 1476 1463 Beziehung

796 1465 856 1499 auf
877 1467 896 1507 ξ
921 1467 940 1499 9
966 1464 1035 1498 und
1064 1468 1113 1507 15,
1141 1475 1208 1499 von
1233 1465 1292 1499 der
1315 1466 1386 1507 Art,
1412 1466 1476 1498 wie

798 1521 832 1545 er
846 1521 887 1543 an
905 1510 1104 1553 vorhergeh.
1120 1510 1236 1554 Tagen
1249 1510 1302 1544 die
1316 1509 1475 1554 Truppen

797 1556 992 1599 aufgestellt
1015 1556 1084 1595 hat,
1108 1557 1128 1598 ξ
1149 1559 1181 1590 4.
1206 1575 1250 1580 —
1275 1558 1350 1588 acie
1374 1559 1475 1590 instr.

796 1618 841 1630 =
871 1611 949 1634 cum
975 1602 1030 1639 (ab
1057 1602 1110 1641 eo)
1144 1611 1196 1634 ac.
1228 1603 1475 1642 instrueretur,

798 1656 824 1679 s.
850 1656 878 1679 c.
908 1648 957 1687 16,
986 1649 1041 1684 10;
1067 1647 1121 1679 24.
1147 1647 1202 1687 36,
1230 1647 1262 1688 1;
1288 1647 1342 1685 25,
1369 1647 1422 1687 30,
1442 1650 1474 1687 6,

798 1701 824 1724 s.
849 1701 891 1724 zu
916 1693 948 1731 3,
974 1692 1027 1730 39,
1053 1693 1070 1723 7
1099 1690 1166 1723 und
1191 1690 1241 1723 ost
1262 1690 1315 1724 bei
1329 1691 1362 1724 L.
1388 1691 1475 1725 ohne

798 1738 846 1769 in.
872 1755 915 1759 —
941 1735 1094 1775 decerni,
1119 1746 1146 1769 s.
1171 1746 1200 1769 e.
1226 1737 1281 1778 33,
1306 1738 1343 1774 5;
1371 1739 1402 1777 5,
1420 1738 1475 1778 55,

801 1784 836 1815 1:
863 1791 936 1813 rem
961 1781 1106 1813 dubiam
1131 1781 1295 1814 decrevit.
1312 1800 1356 1806 -—
1381 1783 1477 1824 quod

799 1826 931 1860 bezieht
955 1826 1026 1859 sich
1052 1826 1112 1858 auf
1131 1825 1186 1859 die
1209 1826 1241 1858 in
1265 1826 1377 1868 pulsis
1407 1826 1473 1860 und

798 1875 958 1914 receptus
991 1870 1170 1914 liegenden
1199 1870 1340 1914 Begriffe
1369 1872 1476 1915 pelle-

801 1918 931 1949 bantur
956 1921 989 1949 et
1011 1927 1047 1949 se
1072 1918 1313 1959 recipiebant;
1336 1926 1362 1950 s.
1377 1927 1406 1950 c.
1421 1919 1477 1957 40,

799 1964 835 2001 2;
863 1964 895 2003 8,
919 1963 973 2004 38,
999 1964 1057 2004 15;
1084 1963 1115 2003 9,
1142 1963 1195 2002 30,
1221 1964 1258 2000 5;
1282 1972 1395 2004 prope
1419 1962 1477 1995 hat

798 2007 832 2041 L.
866 1987 1086 2050 h'inzugesfigt
1117 2017 1172 2039 um
1205 2009 1243 2039 in
1278 2008 1406 2039 vicem:
1441 2007 1475 2040 in

797 2052 1071 2095 regelm'assigem
1082 2051 1249 2090 Weehsel,
1265 2061 1305 2084 zu
1317 2052 1474 2089 mildern;

799 2097 919 2141 Polyb
945 2097 1022 2130 τῶν
1047 2093 1158 2148 εὗζιί
1169 2108 1260 2129 νων
1275 2093 1417 2141 ἄκριτος
1432 2099 1477 2138 ἦν

799 2145 859 2175 καὶ
891 2138 1042 2187 πάρισος
1073 2137 1093 2183 ἡ
1123 2139 1307 2185 συμπλοκὴ
1322 2129 1399 2174 διὰ
1433 2140 1474 2175 τὸ

798 2197 878 2221 TO‘US
919 2188 1001 2228 πιΕζ
1051 2198 1148 2220 ἐνθυς
1185 2184 1477 2232 καταφεύγοντας

797 2229 869 2267 ιπὸ
901 2230 962 2266 τὰς
993 2232 1005 2264 ἰ
1031 2235 1085 2266 cas
1114 2229 1298 2285 φάλαγγας
1327 2235 1373 2264 ἐκ
1402 2244 1475 2276 με·

797 2275 995 2321 ταβολῆς
1019 2274 1248 2311 κινδυνειειν.

848 2335 988 2368 13-14,
1014 2335 1112 2366 ubi—
1129 2334 1288 2375 aberant,
1313 2333 1394 2366 uber
1417 2333 1476 2367 das

799 2379 931 2422 Impers.
957 2389 984 2412 s.
999 2381 1029 2418 7,
1048 2381 1098 2420 17,
1111 2381 1147 2417 4;
1165 2380 1196 2421 9,
1209 2381 1263 2419 45,
1279 2359 1337 2416 '143
1351 2379 1476 2413 ebenso

801 2424 883 2468 pers.
910 2424 976 2457 und
1001 2423 1130 2466 imperf.
1158 2426 1186 2465 1,
1211 2425 1242 2465 9,
1271 2426 1330 2466 10;
1364 2425 1417 2463 38,
1446 2427 1475 2466 1,

801 2472 837 2507 9;
863 2470 918 2510 39,
943 2471 995 2509 30,
1022 2471 1052 2510 8,
1077 2468 1145 2512 vgl.
1170 2470 1274 2510 24,1,
1299 2470 1336 2507 6;
1362 2468 1475 2512 Scipio

801 2515 844 2547 ist
871 2513 955 2547 nach
980 2513 1038 2547 der
1061 2513 1248 2548 Aurnahme
1272 2513 1330 2547 der
1345 2513 1475 2547 Veliten

1164 2572 1200 2604 11
