1732 2840
145 462 192 497 14

217 113 296 154 160

214 245 344 271 mores
366 231 523 283 passim,
546 242 794 281 quacumque
816 230 1037 281 proximum
1059 229 1146 279 suit,
1168 230 1207 269 in
1230 230 1362 281 fugam
1379 229 1650 270 effunduntur.
1697 222 1699 261 Ῑ

629 115 753 148 LIBER
777 114 923 148 XXVIII.
971 114 1065 148 CAP.
1094 118 1145 149 13.
1178 117 1229 150 14.

1494 131 1519 152 a.
1541 132 1572 152 u:
1587 126 1647 154 548.

157 296 195 328 10
216 295 253 329 et
284 299 518 340 quamquam
551 300 596 326 eo
628 286 777 338 proelio
805 286 1046 338 aliquantum
1068 286 1254 326 Romanis
1275 287 1378 326 aucti
1401 291 1438 324 et
1460 285 1651 326 deminuti

214 345 394 385 hostibus
415 343 534 382 animi
556 348 678 391 erant,
701 348 830 382 tamen
854 355 1067 394 numquam
1088 355 1160 395 per
1180 343 1329 394 aliquot
1350 342 1551 394 sequentis
1569 342 1650 382 dies

215 402 260 441 ab
283 399 583 441 excursionibus
606 400 782 452 equitum
804 399 978 452 levisque
998 405 1216 439 armaturae
1237 406 1431 439 cessatum
1455 405 1525 438 est.

329 457 402 496 Ubi
424 457 516 496 satis
536 462 746 508 temptatae
762 469 833 508 per
848 456 945 496 haec
960 456 1056 496 levia
1072 457 1284 496 certamina
1298 456 1399 495 vires
1414 461 1519 504 suut,
1542 456 1653 507 prior

214 513 433 554 Hasdrubal
454 514 495 552 in
516 513 638 552 aciem
660 513 793 564 copias
815 513 960 562 eduxit,
991 513 1130 552 deinde
1157 518 1195 552 et
1218 512 1385 552 Romani
1406 524 1650 564 processere.
1698 526 1701 541 ³

174 578 193 610 2
215 572 281 611 sed
310 578 474 622 utraque
504 571 606 609 acies
635 582 707 621 pro
738 570 837 608 vallo
868 569 974 609 stetit
1001 569 1214 618 instructa,
1245 577 1283 609 et
1312 581 1402 609 cum
1432 569 1479 608 ab
1501 569 1653 609 neutris
1699 565 1701 579 ¹

214 640 346 679 pugna
369 633 506 678 coepta
529 632 642 675 esset,
666 627 740 666 iam
763 626 824 665 die
846 627 893 666 ad
910 638 1092 666 occasum
1108 626 1321 666 inclinante
1337 639 1358 664 a
1374 625 1508 665 Poeno
1526 625 1651 677 prius,

174 692 193 724 3
215 685 354 724 deinde
376 684 422 723 ab
444 683 621 722 Romano
643 683 684 722 in
708 690 833 723 castra
855 683 991 735 copiae
1012 684 1208 723 reductae.
1250 683 1326 722 hoc
1355 682 1456 721 idem
1478 695 1550 734 per
1570 682 1652 722 dies

214 741 363 792 aliquot
393 741 550 779 factum.
602 740 712 791 prior
741 752 897 792 semper
926 740 1084 780 Poenus
1114 739 1248 791 copias
1278 739 1415 778 castris
1450 739 1652 788 educebat,

214 798 324 849 prior
351 797 465 837 fessis
498 797 635 836 stando
658 797 815 847 signum
836 796 1013 848 receptui
1036 796 1168 844 dabat;
1199 796 1245 835 ab
1269 801 1407 835 neutra
1428 801 1538 847 parte
1558 808 1653 847 pro-

173 862 194 893 4
215 866 374 894 cursum
404 854 572 893 telumve
601 853 766 893 missum
795 858 861 892 aut
889 865 962 892 vox
991 853 1069 893 ulla
1090 858 1187 892 orta.
1228 853 1394 892 mediam
1415 853 1537 892 aciem
1559 852 1653 891 hinc
1700 859 1703 862 ⁴

213 911 393 958 Romani,
416 910 525 949 illinc
547 910 886 961 Carthaginienses
906 910 1016 949 mixti
1037 909 1154 958 Afris,
1182 921 1330 948 cornua
1351 908 1447 948 socii
1469 908 1655 949 tenebant

215 991 268 996 —
287 973 398 1007 erant
419 973 547 1006 autem
570 967 748 1018 utrisque
769 966 934 1018 Hispani
950 978 1025 1015 —3
1048 978 1121 1018 pro
1144 965 1331 1006 cornibus
1353 970 1443 1005 ante
1463 965 1654 1005 Punicam

174 1032 193 1064 5
215 1025 336 1064 aciem
359 1024 557 1076 elephanti
580 1023 827 1063 castellorum
848 1023 989 1075 procul
1010 1022 1180 1075 speciem
1203 1022 1455 1074 praebebant.
1485 1022 1561 1061 iam
1578 1022 1654 1061 hoc

215 1082 255 1120 in
279 1081 457 1132 utrisque
479 1080 616 1119 castris
637 1080 830 1120 sermonis
852 1085 934 1119 erat
953 1079 1004 1119 ita
1018 1110 1027 1127 ,
1050 1085 1093 1118 ut
1114 1079 1297 1119 instructi
1318 1079 1529 1128 stetissent,
1552 1090 1653 1130 pug-

215 1144 399 1186 naturos,
429 1137 575 1176 medias
607 1137 709 1176 acies
738 1136 959 1176 Romanum
988 1135 1266 1187 Poenumque,
1297 1148 1398 1187 quos
1430 1136 1534 1176 inter
1562 1135 1654 1175 belli

216 1206 331 1234 causa
364 1200 488 1240 esset,
519 1194 603 1246 pari
634 1193 777 1232 robore
806 1194 1028 1232 animorum
1064 1204 1344 1243 armorumque
1373 1204 1653 1233 concursuroS.

174 1261 195 1293 6
216 1250 349 1302 Scipio
373 1250 439 1290 uhi
460 1251 556 1289 haec
573 1250 767 1290 obstinate
784 1249 929 1289 credita
947 1249 1229 1297 animadvertit,
1252 1248 1382 1288 omnia
1399 1248 1446 1288 de
1462 1248 1654 1288 industria
1695 1291 1705 1302 v,

214 1307 256 1346 in
275 1320 363 1346 euin
382 1307 497 1355 diem,
520 1319 599 1358 quo
621 1311 869 1358 pugnaturus
887 1312 981 1354 erat,
1004 1306 1177 1346 mutavit.
1209 1312 1395 1345 tesseram
1412 1305 1565 1357 vesperi
1583 1317 1654 1357 per

216 1382 388 1418 λύσαντες
411 1382 474 1417 τὰς
497 1382 584 1416 ἴλας.
609 1403 653 1408 -
679 1384 817 1426 aliquot
833 1386 899 1418 im.

216 1431 259 1470 (L,
290 1430 358 1472 vgl.
393 1432 446 1469 27,
481 1431 537 1470 42,
562 1432 602 1462 9:
637 1431 900 1471 insequentibus

216 1477 395 1507 continuis
421 1475 542 1506 diebus
568 1475 729 1516 aliquot;
759 1475 824 1507 Cic.
858 1474 899 1507 de

215 1520 295 1564 imp.
321 1521 439 1563 Pomp.
468 1522 518 1558 18,
538 1522 596 1553 54:
624 1520 761 1562 aliquot
787 1530 899 1552 anuos

216 1567 422 1606 continuos;
448 1576 473 1598 s.
493 1565 614 1608 Polyb.
633 1575 660 1598 c.
677 1566 736 1598 21:
763 1563 803 1597 οὗ
827 1562 900 1608 μὴν

215 1608 305 1644 ἀλλὰ
328 1613 427 1643 ταῖς
445 1610 543 1653 ἑξῆς
560 1609 636 1644 ἐπί
651 1621 784 1642 τινας
805 1606 900 1652 ἡμέ-

215 1667 292 1711 ρας
316 1652 378 1688 τάς
404 1669 443 1689 τε
462 1652 628 1699 δυνάμεις
644 1651 858 1694 ἐκτάξαντες
875 1675 899 1678 -

216 1700 275 1735 ὸιά
300 1701 379 1734 τῶν
405 1700 550 1735 ἱππέων
574 1703 633 1734 καὶ
659 1698 718 1733 διὰ
741 1700 821 1733 τῶν
846 1695 898 1732 εὖ·

216 1745 348 1788 ζώνων
365 1744 647 1791 ἀκροβολισμοὺς
660 1742 900 1788 ποιησάμενοι

215 1812 243 1816 ——
271 1787 448 1836 ὥρμησαν
465 1793 525 1824 ἐπὶ
549 1791 592 1824 τὸ
609 1794 745 1836 κρίνειν
761 1788 806 1824 τὰ
822 1786 898 1824 ὅλα.

215 1848 336 1879 ——per
361 1838 445 1879 aliq.
473 1838 546 1868 dies
572 1836 713 1869 brauclit
725 1837 759 1870 L.
787 1836 846 1874 ost,
872 1846 898 1868 S.

215 1893 243 1915 c.
273 1885 325 1922 14,
351 1884 387 1918 3;
428 1885 455 1921 I,
485 1884 540 1923 41,
566 1883 601 1918 ὃς
634 1884 665 1921 3,
698 1884 728 1921 5,
760 1883 780 1914 4
812 1891 897 1913 uSW.

216 1927 403 1969 Uebrigens
442 1926 501 1958 hat
538 1937 600 1958 nur
635 1926 689 1958 die
722 1925 779 1968 Sp.
817 1924 896 1958 Hds.

215 1982 411 2016 numquam
435 1972 572 2014 proelio
600 1971 695 2013 quod
717 1973 900 2012 insequen-

217 2020 284 2058 tis,·
323 2017 382 2050 der
413 2017 488 2049 Put.
521 2017 613 2050 bloss
652 2016 900 2057 aliquotiense-

216 2064 375 2105 quentis;
406 2072 465 2095 zur
498 2062 605 2095 Sache
638 2071 665 2094 s.
691 2062 778 2104 App.
803 2071 833 2093 c.
858 2062 899 2094 25

214 2109 412 2149 (Σκιπίων)
450 2111 555 2153 μεχρί
589 2117 686 2140 τινος
722 2102 902 2146 ἑνεδοίαζε

216 2155 276 2185 καὶ
300 2150 412 2196 μάχης
428 2150 468 2185 οὐ
486 2152 673 2197 κατῆρχεν,
699 2148 779 2184 ἀλλ’
801 2147 902 2196 ἀκρο-

215 2196 398 2241 βολισμοῖς
424 2199 549 2244 ἐχρῆτο
572 2195 704 2241 μόνοις.

261 2243 320 2278 14.
350 2246 445 2278 1—4.
470 2245 533 2276 ubi
554 2263 581 2267 -—
609 2246 727 2285 tempt.
753 2245 847 2283 sunt,
872 2251 898 2274 S.

216 2290 286 2330 §6;
314 2300 353 2321 zu
380 2290 434 2328 27,
449 2291 478 2330 2,
493 2291 524 2322 6.
541 2308 584 2311 —
599 2288 746 2320 telumve
773 2291 845 2328 aut,
872 2297 898 2320 s.

216 2335 271 2373 25,
300 2338 327 2373 1,
356 2336 414 2367 12:
439 2336 705 2376 precationesve
730 2337 812 2373 aut,·
845 2334 900 2374 34,

216 2381 270 2417 35,
285 2382 315 2411 4.
354 2379 409 2411 tel.
435 2381 581 2411 missum
606 2396 651 2407 =
676 2382 701 2410 t.
725 2380 899 2418 emissum,

216 2433 242 2455 s.
270 2426 323 2465 34,
348 2426 401 2465 39,
425 2426 460 2463 4;
488 2427 543 2465 24,
558 2426 611 2465 34,
632 2426 669 2457 14
694 2423 760 2466 vgl.
776 2424 830 2463 28,
845 2424 897 2463 33,

216 2470 247 2500 5.
262 2487 302 2491 —
319 2473 422 2501 erant
438 2489 463 2492 —
480 2470 591 2511 [ἰὼ-μ,
616 2468 670 2502 die
695 2468 899 2502 Parenthese

217 2513 302 2546 nach
328 2513 475 2557 Madvig.
501 2534 544 2538 —
570 2525 635 2555 pro
656 2515 804 2555 coi-nib„
830 2513 901 2546 hier

217 2557 335 2591 anders
372 2559 421 2592 als
456 2562 507 2601 10,
541 2561 596 2601 27,
634 2562 673 2594 10
704 2557 903 2602 gebraucht,

970 1383 1074 1416 durch
1101 1387 1183 1415 ante
1199 1383 1234 1416 P.
1249 1394 1279 1416 a.
1307 1382 1489 1423 bestimmt‚
1515 1382 1584 1424 vgl.
1598 1384 1653 1423 30,

975 1431 1025 1470 18,
1048 1430 1083 1467 2;
1103 1428 1224 1481 Polyb.
1238 1439 1265 1461 c.
1281 1429 1340 1461 22:
1365 1425 1411 1460 τὰ
1425 1426 1654 1481 ,θηριάΙπρο-
1702 1462 1706 1467 ,

969 1473 1168 1517 τιθέμενον
1194 1475 1376 1518 εκατέρων
1388 1485 1466 1506 των
1480 1485 1654 1519 κερατων,

970 1530 996 1552 s.
1032 1529 1060 1552 c.
1091 1522 1142 1558 15,
1168 1521 1204 1557 5;
1241 1529 1276 1551 er
1306 1518 1379 1560 gibt
1411 1518 1465 1551 die
1489 1519 1572 1551 Zahl
1596 1518 1655 1552 der
1688 1559 1691 1562 Α

970 1564 1180 1608 Elephanten
1204 1563 1263 1596 auf
1285 1565 1326 1597 32
1354 1573 1408 1597 an.

1016 1612 1116 1643 5-—7.
1145 1610 1211 1642 lzoc
1234 1619 1336 1642 serm.
1362 1608 1427 1641 wie
1452 1610 1508 1650 27,
1532 1610 1587 1650 49,
1613 1610 1653 1643 7:
1699 1644 1704 1647 ,

970 1655 1009 1687 id
1031 1655 1166 1687 solacii.
1191 1673 1235 1678 -—
1259 1665 1346 1696 quos
1370 1655 1446 1694 int„
1471 1664 1497 1687 S.
1524 1655 1579 1694 40,
1597 1655 1653 1695 45,

970 1703 1007 1733 4:
1036 1701 1122 1733 haec
1135 1702 1230 1732 inter
1242 1699 1435 1742 prodigum
1460 1700 1582 1742 35,12‚
1600 1700 1654 1740 10,
1675 1708 1677 1710 '

969 1745 1040 1788 vgl.
1067 1746 1189 1787 27,41,
1203 1747 1234 1778 4.
1273 1747 1366 1777 inter
1391 1744 1435 1777 ist
1460 1743 1654 1787 gebraucht,

970 1791 1019 1824 als
1046 1791 1089 1823 ob
1115 1791 1242 1823 bellum
1267 1793 1346 1822 erat
1361 1789 1442 1822 oder
1456 1789 1654 1822 bellabatur

969 1836 1094 1879 solgte,
1125 1835 1205 1868 aber
1236 1834 1382 1878 passend
1413 1845 1521 1867 causa
1551 1845 1653 1878 zuge-

970 1884 1073 1923 setzt,
1110 1880 1189 1913 weil
1221 1879 1445 1912 thatsachlich
1483 1879 1567 1912 auch
1600 1879 1653 1913 die

971 1925 1111 1968 Spanier
1135 1925 1203 1957 und
1228 1925 1323 1957 Asrer
1347 1934 1388 1957 an
1415 1924 1489 1958 dem
1512 1923 1653 1968 Kampfe

971 1970 1068 2003 Theil
1095 1970 1249 2003 nahmen.
1275 1988 1320 1993 --
1345 1971 1430 2001 obst.
1457 1970 1550 2002 cred.
1581 1973 1653 2003 ent-

969 2015 1097 2058 spriclit
1119 2017 1139 2056 ξ
1154 2017 1173 2048 8
1200 2018 1401 2057 opinionem
1428 2014 1652 2056 destinatam,

970 2060 1039 2103 vgl.
1066 2063 1098 2101 2,
1127 2062 1178 2101 18,
1204 2062 1223 2093 9
1249 2060 1495 2100 crediderant,-
1519 2061 1653 2103 spatere
1710 2094 1711 2097 ,

970 2106 1046 2139 Hss.
1071 2105 1179 2138 haben
1194 2105 1302 2146 credi,
1329 2115 1400 2138 was
1414 2104 1551 2148 Madvig
1575 2116 1652 2138 vor-

970 2151 1069 2184 zieht.
1095 2170 1138 2174 —
1165 2153 1201 2182 in
1226 2162 1252 2183 e.
1280 2151 1381 2191 diem,
1408 2161 1435 2184 s.
1462 2152 1516 2191 27,
1542 2152 1596 2192 38,
1621 2153 1652 2185 3.
1705 2154 1711 2187 ἑ

969 2196 1103 2239 Appian
1127 2195 1292 2228 berichtet
1316 2206 1344 2229 c.
1371 2198 1425 2236 26,
1458 2194 1571 2238 Scipio
1605 2196 1654 2229 sei
1707 2219 1711 2239 .=

969 2286 1104 2327 nothigt
1130 2285 1280 2327 worden,
1304 2286 1409 2318 dann:
1444 2283 1485 2319 τὸ
1509 2250 1652 2338 βέἐμῗιῐι
1706 2258 1712 2294 ἶ

969 2241 1074 2274 durch
1114 2240 1247 2283 Mangel
1294 2251 1368 2273 zum
1410 2240 1551 2283 Kampfe

969 2333 1030 2363 καὶ
1045 2330 1087 2364 τὸ
1106 2332 1223 2373 σχῆμα
1241 2329 1383 2364 διαθεὶς
1399 2328 1510 2365 πάλιν
1528 2342 1651 2375 ωσπερ

969 2375 1119 2416 ἔνθους,
1152 2378 1220 2420 ἔφη
1252 2374 1294 2409 τὸ
1325 2373 1517 2420 δαιμόνιον
1555 2371 1652 2417 ἥκειν

968 2419 1011 2454 τὸ
1036 2417 1194 2463 σύνηθες
1227 2417 1325 2464 αὐτῷ
1356 2423 1415 2453 καὶ
1439 2418 1561 2454 καλεῖν
1591 2422 1652 2454 ἐπὶ

969 2464 1052 2499 τοὺς
1076 2465 1282 2510 πολεμίους,
1316 2467 1384 2509 vgl.
1410 2466 1471 2498 Dio
1497 2466 1587 2499 Cass.
1613 2466 1650 2498 fr.

971 2514 1026 2554 57,
1051 2514 1112 2551 4S;
1145 2513 1226 2545 Zon.
1260 2513 1281 2544 l.
1307 2512 1329 2544 l.
1353 2531 1397 2535 ——
1424 2515 1551 2543 tessera
1587 2511 1651 2543 wie

971 2558 1026 2599 27,
1052 2559 1109 2599 46,
1136 2560 1165 2593 1.
1189 2576 1232 2582 —
1253 2568 1324 2600 per
1350 2560 1484 2598 castra,
1510 2555 1562 2589 die
1588 2559 1650 2588 tes-

1698 319 1699 354 l
1727 332 1732 358 ε
