1732 2840
233 110 249 131 ξ

231 109 285 149 06
665 113 788 147 LIBER
814 114 926 148 XXIX.
975 114 1067 148 CAP.
1091 117 1144 150 23.
1171 117 1225 150 24.

1493 134 1518 154 a.
1539 127 1567 153 ii.
1584 126 1644 153 550.

231 228 378 277 Africa,
409 228 508 267 sicut
535 228 662 267 adhuc
682 228 866 276 fecerint,
892 228 1037 268 bellum
1057 229 1220 270 Romani
1243 242 1330 270 cum
1353 230 1646 281 Carthaginien-

231 284 337 324 sibus
366 289 521 335 gerant,
550 297 599 323 ne
620 284 691 323 sibi
715 285 902 324 interesse
923 286 1199 326 certaminibus
1221 299 1355 326 eorum
1376 299 1558 339 armaque
1581 293 1647 326 aut

231 342 326 381 haec
347 346 411 379 aut
432 340 518 389 illa,
559 340 793 380 abnuentem
815 341 971 380 alteram
995 343 1237 391 societatem,
1259 344 1368 396 sequi
1392 355 1550 383 necesse
1571 343 1643 392 sit;

173 403 212 435 10
232 398 262 437 si
285 409 364 436 non
387 396 576 436 abstineat
597 397 722 437 Africa
746 397 876 450 Scipio
899 404 937 437 et
959 398 1178 450 Carthagini
1201 401 1410 439 exercitum
1433 401 1644 448 admoveat,

231 453 303 493 sibi
326 454 585 492 necessarium
607 454 689 493 fore
712 461 747 493 et
770 467 839 507 pro
862 461 962 494 terra
984 456 1124 504 Africa,
1145 456 1185 495 in
1208 469 1281 508 qua
1304 463 1339 496 et
1362 457 1444 509 ipse
1467 457 1515 496 sit
1535 456 1646 507 geni-

229 517 313 558 tus,
342 517 378 548 et
399 522 470 562 pro
491 511 612 563 patria
634 511 811 561 coniugis
833 524 923 550 suae
944 525 1093 564 proque
1115 519 1276 565 parente
1298 526 1342 552 ac
1362 513 1569 565 penatibus
1589 513 1648 551 di-

227 566 383 606 micare.

162 623 211 658 24

189 682 209 715 2
231 680 334 719 CUSiS
371 692 457 719 eum
495 687 774 719 Convenerunt.

348 623 443 662 Cum
464 623 525 663 his
545 623 738 662 mandatis
767 624 814 663 ab
841 636 933 676 rege
954 623 1069 676 legati
1091 626 1137 664 ad
1159 625 1382 678 Scipionem
1404 625 1511 665 missi
1534 625 1648 677 Syra-

837 681 969 733 Scipio
1004 694 1235 734 quamquam
1272 694 1413 733 magno
1448 688 1647 721 momento

230 749 360 776 rerum
392 737 430 776 in
454 736 580 775 Africa
610 737 865 787 gerendarum
895 749 1113 790 magnaque
1141 751 1210 791 spe
1231 739 1438 778 destitutus
1459 745 1562 787 erat,
1591 738 1647 777 le-

231 794 330 844 gatis
351 805 532 846 propere,
554 793 781 845 priusquam
802 806 864 833 res
883 793 1119 845 vulgaretur,
1139 795 1311 834 remissis
1335 796 1374 834 in
1397 795 1564 835 Africam
1585 794 1648 834 lit-

190 851 209 883 3
230 857 330 889 teras
351 851 414 888 dat
435 849 480 888 ad
501 861 646 900 regem,
670 850 812 902 quibus
834 851 946 889 etiam
968 858 1083 903 atque
1103 851 1214 890 etiam
1231 859 1363 891 monet
1380 864 1482 900 eum,
1499 864 1548 891 ne
1565 851 1648 891 iura

229 906 389 959 hospitii
419 918 549 945 secum
583 919 660 945 neu
692 919 778 945 cum
805 907 953 959 populo
974 907 1149 946 Romano
1179 908 1297 947 initae
1327 908 1541 956 societatis,
1571 920 1648 948 neu

230 963 301 1011 sas,
322 963 451 1010 fidem,
474 963 648 1002 dexteras
662 993 671 1010 ,
701 963 794 1002 deos
819 964 927 1002 testis
947 970 1062 1016 atque
1086 964 1254 1003 arbitros
1275 970 1555 1004 conventorum
1577 964 1648 1003 fal-

189 1020 208 1052 4
230 1019 293 1058 lat.
344 1025 514 1059 ceterum
538 1020 692 1071 quando
715 1032 843 1072 neque
874 1020 988 1059 celari
1018 1021 1204 1060 adventus
1223 1021 1478 1060 Numidarum
1497 1026 1650 1074 poterat

231 1099 285 1104 —
305 1077 426 1126 vagati
458 1075 558 1114 enim
590 1076 628 1115 in
660 1076 756 1115 urbe
788 1076 1056 1129 obversatique
1084 1078 1280 1129 praetorio
1311 1085 1420 1117 erant
1440 1101 1515 1126 —-—,
1537 1083 1595 1126 et,
1617 1076 1648 1116 si

231 1132 427 1180 sileretur,
444 1131 534 1184 quid
552 1138 729 1184 petentes
745 1133 954 1181 venissent,
971 1134 1189 1185 periculum
1207 1140 1298 1182 erat,
1318 1147 1367 1173 ne
1383 1147 1470 1173 vera
1488 1146 1533 1173 eo
1550 1135 1650 1186 ipso,

232 1189 333 1240 quod
357 1189 588 1236 celarentur,
609 1201 676 1227 sua
699 1196 838 1241 sponte
859 1190 983 1240 magis
1006 1196 1243 1238 emanarent,
1266 1191 1458 1242 timorque
1479 1191 1518 1229 in
1542 1202 1650 1229 exer—

229 1288 315 1330 folgt
337 1287 356 1330 ξ
375 1289 432 1321 10:
457 1290 489 1319 si
513 1299 594 1321 non.
610 1307 653 1312 -
668 1289 828 1331 alteram,
852 1288 905 1321 die

230 1332 288 1365 der
298 1332 487 1375 gewahlten
499 1336 829 1376 entgegengesetzte,
843 1333 908 1366 fast

230 1378 345 1410 altera
369 1381 465 1419 ulra,
496 1388 522 1412 S.
551 1381 578 1420 1,
608 1380 659 1419 13,
685 1381 715 1412 3.
742 1398 785 1403 -
809 1381 908 1421 sequi

230 1434 304 1455 nee.
329 1434 369 1463 5.,
402 1433 439 1455 so
473 1423 563 1456 steht
588 1423 679 1456 nicht
712 1424 817 1456 selten
850 1424 908 1456 der

230 1467 353 1501 infinit.
378 1467 431 1500 bei
456 1478 593 1500 necesse
612 1473 671 1510 est,
696 1471 763 1511 s.3,
779 1472 832 1510 65,
850 1472 907 1507 11;

230 1515 283 1554 22,
310 1515 363 1555 60,
387 1514 446 1546 26:
474 1524 551 1545 cum
576 1524 907 1546 manere-necesse

230 1562 291 1598 est,
306 1560 445 1599 21,11‚1
463 1568 551 1597 u.a.;
566 1558 609 1591 im
627 1559 720 1601 Folg.
734 1570 787 1592 um
806 1560 905 1592 abzu-

229 1603 399 1636 wecliseln
426 1607 674 1645 necessarium,
701 1605 905 1647 vgl.40.35.

231 1651 262 1682 6.
277 1668 320 1672 —
335 1653 368 1680 et
392 1651 466 1691 ipse
490 1650 521 1681 in
541 1648 655 1692 Bezug
681 1650 739 1681 aus
762 1653 906 1682 coniun-

218 1696 285 1736 gis
310 1693 391 1726 oder
415 1693 468 1725 die
495 1693 787 1737 Carthaginienser
810 1695 907 1728 iiber-

229 1739 403 1782 liaupt.—
422 1742 588 1781 coniugis
612 1739 732 1782 gehort
757 1740 840 1773 auch
866 1751 906 1773 zu

228 1788 375 1827 parente
400 1784 467 1816 und
490 1787 688 1827 penatibus,

275 1827 427 1863 24—27.
452 1828 582 1872 Scipios
599 1829 799 1872 Uebergang
821 1830 905 1862 nach

229 1874 358 1912 Africa;
382 1874 525 1916 Appian.
541 1875 609 1907 Lib.
626 1877 684 1917 133
700 1875 781 1908 Zon.
796 1876 828 1916 9,
848 1877 904 1913 123

229 1919 343 1952 Front.
369 1918 470 1951 Strat.
496 1920 528 1961 2,
554 1921 584 1958 7,
609 1922 640 1952 4.

276 1965 374 1997 2—4.
401 1974 628 2006 quamquam,
660 1974 758 1996 wenn
786 1974 820 1996 es
849 1974 907 1996 an-

230 2008 306 2042 ders
326 2009 448 2052 richtig
464 2009 519 2050 ist,
543 2008 630 2042 kann
646 2019 708 2041 nur
721 2008 783 2041 den
800 2008 870 2051 §53
886 2012 903 2041 ’ἵ

231 2053 474 2097 angedeuteten
519 2053 719 2087 Gedanken:
769 2064 805 2087 so
851 2054 906 2087 be-

230 2099 359 2132 schloss
385 2109 419 2131 er
443 2099 528 2132 doch
554 2100 793 2132 iiberzusetzen
828 2110 903 2132 zum

229 2144 418 2177 Nachsatze
436 2144 557 2181 haben,
574 2144 667 2177 nicht
681 2145 805 2186 legatis
822 2148 903 2182 etc.;

230 2188 340 2222 dieses
372 2189 439 2221 und
471 2189 531 2222 das
554 2189 648 2232 Folg.
683 2189 811 2222 enth'alt
845 2200 906 2222 nur

230 2234 283 2267 die
297 2233 434 2275 Motive,
458 2234 587 2267 welche
605 2234 719 2278 Scipio
736 2235 906 2268 bestimm-

230 2283 285 2312 ten
311 2279 372 2312 den
401 2279 421 2322 ξ
443 2283 461 2312 7
487 2279 569 2322 solg.
594 2279 674 2312 Plan
701 2279 764 2312 den
791 2279 908 2313 Solda-

230 2328 285 2357 ten
320 2323 561 2357 mitzutheilen.
595 2343 638 2348 —-
673 2325 762 2358 liter.
797 2326 845 2356 ad
876 2336 906 2358 r.

232 2370 310 2409 dat,
345 2369 385 2401 da
418 2368 527 2402 dieses
552 2369 731 2402 Schreiben
764 2379 804 2402 an
838 2370 902 2403 den

229 2413 338 2456 Konig
356 2413 440 2447 doch
456 2415 523 2447 wol
544 2414 607 2447 den
625 2414 812 2447 Gesandten
831 2415 905 2447 mit-

231 2460 381 2501 gegeben
396 2459 523 2496 wurde,
547 2469 584 2492 so
610 2459 707 2492 sollte
732 2469 807 2492 man
823 2464 905 2492 statt

231 2506 383 2535 remissis
408 2505 480 2537 eine
505 2504 626 2537 andere
651 2504 831 2548 Wendung
856 2515 905 2538 er-

231 2551 369 2586 warten,
394 2549 462 2591 vgl.
488 2560 516 2582 c.
531 2552 562 2591 6,
576 2551 662 2583 8.-
678 2552 761 2582 iura
787 2550 907 2593 gehort

975 1289 1058 1321 auch
1084 1299 1123 1321 zu
1149 1292 1337 1332 societatis,
1363 1290 1427 1322 wie
1442 1292 1552 1322 initae
1566 1289 1649 1322 auch

975 1344 1015 1366 zu
1042 1335 1197 1376 hospilz'z'.
1222 1354 1263 1358 —
1290 1335 1467 1375 deoeleras,
1493 1345 1520 1368 5.
1549 1338 1578 1377 1,
1596 1336 1651 1376 21,

975 1381 1006 1412 4.
1031 1398 1075 1403 —
1101 1380 1181 1411 deos
1216 1382 1310 1411 testis
1344 1383 1418 1419 ete„
1452 1379 1650 1413 scliwerlich

975 1424 1028 1465 ist,
1053 1424 1131 1457 weil
1156 1434 1232 1457 man
1258 1425 1343 1458 auch
1363 1425 1508 1457 dextras
1523 1424 1652 1464 fallere

975 1473 1048 1512 sagt
1087 1469 1255 1511 (dasselbe
1291 1470 1382 1513 galte
1417 1480 1483 1502 von
1520 1470 1651 1512 fidem),

977 1517 1072 1546 testis
1087 1518 1148 1548 etc.
1173 1514 1257 1547 auch
1277 1515 1334 1547 aus
1347 1516 1512 1547 dexteras
1536 1525 1576 1547 zu
1595 1515 1652 1547 be-

974 1559 1103 1599 ziehen‚
1129 1559 1167 1592 da
1194 1560 1247 1593 bei
1266 1559 1339 1593 dem
1355 1560 1466 1593 Geben
1493 1560 1550 1593 der
1568 1560 1652 1592 dea·-

977 1608 1072 1637 terae
1101 1604 1155 1637 die
1180 1604 1297 1638 Gotter
1328 1605 1377 1638 als
1404 1609 1503 1637 testes
1537 1616 1569 1638 u.
1595 1616 1651 1637 ar-
1687 1633 1691 1636 .

977 1651 1062 1682 bilri
1075 1649 1133 1683 des
1145 1660 1183 1683 so
1193 1651 1388 1693 gegebenen
1404 1650 1651 1693 Versprechens

977 1695 1156 1737 angerufen
1175 1695 1320 1737 werden,
1334 1696 1403 1738 vgl,
1419 1697 1449 1737 3,
1467 1697 1498 1736 2,
1513 1698 1549 1728 4;
1570 1695 1651 1727 deos

976 1751 1072 1772 nunc
1098 1744 1198 1772 testes
1216 1751 1309 1781 esse;
1333 1742 1363 1782 9,
1382 1744 1410 1782 1,
1424 1742 1530 1781 7;21‚
1548 1742 1599 1781 10,
1614 1742 1651 1779 3;

976 1787 1031 1825 41,
1064 1787 1117 1828 25,
1142 1788 1179 1819 4:
1213 1786 1317 1825 fidem
1351 1786 1470 1818 datam
1503 1786 1652 1828 deosque

976 1833 1072 1862 teslis
1103 1833 1317 1863 invocantes.
1364 1830 1429 1864 Das
1462 1830 1572 1863 Ganze
1607 1830 1651 1863 ist

974 1874 1211 1918 Bezeiclinung
1243 1875 1301 1908 des
1328 1875 1550 1916 Biindnisses‚
1583 1885 1649 1908 von

975 1920 1034 1952 der
1057 1920 1234 1962 religiosen
1261 1919 1419 1953 Seite.-
1437 1924 1649 1962 convenior„

976 1975 1002 1997 5.
1036 1964 1101 1998 Cic.
1135 1964 1190 1997 off.
1226 1967 1256 2003 3,
1283 1967 1337 2006 25,
1363 1966 1422 1998 95:
1448 1969 1543 1997 stare.
1568 1975 1650 1997 con-

975 2011 1098 2041 ventis.
1148 2009 1212 2042 Das
1237 2020 1302 2042 von
1329 2009 1440 2052 Scipio
1459 2011 1569 2051 28,18
1594 2020 1651 2053 ge-

976 2053 1169 2087 schlossene
1212 2054 1380 2088 Bfindniss
1424 2065 1495 2088 war
1542 2056 1651 2088 wahr-

975 2099 1155 2132 scheinlich
1175 2100 1206 2131 in
1221 2099 1304 2132 Rom
1323 2100 1480 2143 bestatigt
1499 2099 1650 2134 worden.

974 2163 1018 2168 —
1042 2147 1243 2186 praetorio.
1268 2156 1295 2178 s.
1323 2145 1388 2178 Cic.
1415 2145 1505 2178 Verr.
1530 2147 1562 2187 4,
1587 2147 1648 2179 53:

976 2192 1012 2221 in
1038 2200 1107 2231 qna
1132 2190 1275 2232 (insula)
1311 2190 1433 2222 domus
1461 2194 1530 2230 est,
1561 2200 1651 2233 quae

975 2237 1071 2276 regis
1089 2235 1252 2268 Hieronis
1276 2236 1358 2276 fuit,
1383 2246 1452 2278 qua
1465 2239 1650 2278 praetores

976 2282 1031 2311 uli
1053 2280 1175 2312 solent.
1200 2300 1243 2304 —-
1269 2283 1305 2312 2²71
1332 2291 1447 2313 escere.
1473 2283 1552 2319 inc„
1577 2280 1646 2323 vgl.

977 2325 1071 2358 Caes.
1097 2325 1134 2358 B.
1160 2326 1195 2358 C.
1221 2327 1252 2363 3,
1282 2328 1330 2366 ¹3,
1357 2327 1392 2358 2:
1421 2329 1538 2358 terror
1560 2327 1649 2357 inci-

975 2369 1027 2401 dit
1045 2372 1238 2409 mereim&
1263 2370 1302 2403 da
1330 2370 1383 2403 die
1397 2370 1470 2403 Hss.
1496 2373 1532 2402 in
1551 2381 1650 2402 etcer-

975 2417 1046 2446 cim
1061 2416 1238 2447 incederet
1252 2415 1370 2455 haben,
1388 2425 1426 2448 so
1439 2425 1542 2448 verm.
1557 2413 1649 2447 Mad-

975 2459 1031 2502 vig
1056 2462 1091 2491 1¹71
1120 2463 1278 2492 eoeereitu
1296 2460 1476 2501 insideret,
1501 2459 1566 2492 wie
1579 2460 1646 2493 Cic.

974 2507 1011 2536 in
1045 2508 1231 2545 memoria,
1268 2508 1305 2538 in
1342 2507 1458 2537 animo
1497 2505 1650 2537 insidere

975 2553 1061 2593 sagt,
1087 2550 1121 2583 L.
1144 2550 1296 2594 dagegen
1323 2552 1461 2589 animis,
1486 2560 1512 2583 s.
1527 2551 1580 2591 28,
1594 2551 1649 2591 26,
