1732 2840
220 81 300 120 174

672 83 798 119 LIBER
820 83 965 118 xxvui.
1012 83 1104 118 cAP.
1133 62 1200 120 19?

1486 104 1513 124 a.
1533 104 1561 134 u²
1578 99 1638 126 548.

177 205 197 238 3
216 198 411 249 fugerant,
433 198 793 249 interficiendisque
817 198 946 238 scelus
971 199 1082 238 etiam
1101 198 1310 239 defectioni
1331 200 1570 242 addiderant.
1597 202 1638 242 in

217 267 283 294 eos
304 255 474 306 populos
495 255 622 306 primo
643 255 832 302 adventu,
862 267 951 294 cum
981 255 1119 295 dubiae
1141 255 1351 308 Hispaniae
1372 263 1524 306 essent,
1556 271 1638 298 me-

175 319 195 350 4
215 312 290 350 rito
324 312 447 362 magis
485 324 601 363 quam
632 311 780 351 utiliter
809 311 996 351 saevitum
1026 312 1148 363 foret;
1182 318 1278 352 tunc
1307 313 1381 353 iam
1417 314 1639 367 tranquillis

215 367 333 407 rebus
363 368 453 419 quia
482 375 637 420 tempus
665 368 903 419 expetendae
933 380 1083 419 poenae
1111 369 1314 408 videbatur
1332 371 1507 419 venisse,
1536 372 1638 412 acci-

215 431 297 464 tum
323 424 369 463 ab
390 424 611 464 Tarracone
632 425 675 464 L.
693 425 882 464 Marcium
903 437 992 464 cum
1013 425 1123 465 tertia
1145 431 1254 477 parte
1275 427 1477 478 copiarum
1498 428 1545 467 ad
1566 426 1637 467 Ca-

215 480 410 520 stulonem
431 481 743 534 oppugnandum
763 481 903 529 mittit3
926 482 1010 533 ipse
1033 494 1122 521 cum
1143 488 1272 522 cetero
1295 484 1466 524 exercitu
1488 485 1638 536 quintis

174 545 191 576 5
215 538 336 577 ferme
357 538 403 577 ad
419 538 599 590 Iliturgin
622 539 758 578 castris
779 539 968 589 pervenit.
1012 538 1165 578 clausae
1187 546 1295 579 erant
1315 545 1463 592 portae,
1487 541 1636 580 omnia-

213 607 289 646 que
310 594 500 634 instructa
531 601 568 635 et
588 602 719 646 parata
740 595 786 634 ad
807 595 1142 647 oppugnationem
1164 596 1390 636 arcendam:
1423 597 1518 637 adeo
1539 610 1636 638 con-

212 651 396 700 scientia,
429 652 523 703 quid
554 664 598 691 se
627 651 788 691 meritos
818 652 985 700 scirent,
1017 664 1089 703 pro
1110 652 1257 692 indicto
1289 654 1345 693 eis
1371 653 1473 693 bello
1494 654 1632 694 fuerat.

171 713 189 746 6
210 707 303 746 hinc
324 714 360 746 et
380 708 529 747 hortari
550 708 692 748 milites
715 707 847 759 Scipio
871 721 985 748 orsus
1015 715 1094 748 est:
1128 709 1235 760 ipsos
1265 710 1482 750 claudendo
1503 717 1636 763 portas

211 763 402 804 indicasse
422 764 631 817 Hispanos,
655 765 748 817 quid
768 770 812 804 ut
831 765 1015 804 timerent
1034 766 1162 805 meriti
1184 772 1334 815 essent;
1360 766 1492 819 itaque
1511 768 1636 808 multo

210 820 478 860 infestioribus
506 822 647 861 animis
678 834 767 861 cum
799 822 854 860 eis
883 833 1000 872 quam
1029 834 1120 861 cum
1141 821 1524 874 Carthaginiensibus
1552 824 1635 863 hel-

169 885 186 916 7
208 876 289 916 lum
311 878 526 928 gerendum
548 890 653 927 esse3
685 878 833 930 quippe
854 890 943 917 cum
973 878 1050 918 illis
1070 891 1195 930 prope
1215 879 1300 918 sine
1320 880 1380 919 ira
1401 881 1448 920 de
1468 881 1635 932 imperio

210 938 247 972 et
269 934 390 984 gloria
412 935 563 983 certari,
586 935 632 974 ab
653 935 714 974 his
734 935 920 986 perfidiae
942 941 981 975 et
1001 935 1240 975 crudelitatis
1257 942 1295 975 et
1310 936 1470 976 sceleris
1485 950 1635 989 poenas

167 996 186 1030 8
207 991 442 1041 expetendas
463 1004 562 1031 esse.
602 992 755 1031 venisse
776 997 952 1044 tempus,
984 1004 1062 1042 quo
1095 998 1133 1031 et
1161 992 1369 1032 nefandam
1401 994 1634 1033 commilito-

208 1059 301 1085 num
325 1060 461 1086 necem
483 1054 521 1087 et
548 1048 589 1086 in
611 1054 734 1087 semet
754 1049 883 1099 ipsos,
912 1048 945 1088 si
968 1048 1104 1087 eodem
1125 1049 1216 1100 fuga
1244 1050 1358 1089 delati
1388 1051 1538 1100 forent,
1571 1050 1634 1089 in-

207 1110 394 1154 structam
414 1104 589 1143 fraudem
611 1104 918 1154 ulciscerentur,
951 1110 989 1144 et
1008 1104 1049 1143 in
1073 1117 1188 1145 omne
1209 1112 1364 1157 tempus
1385 1108 1490 1158 gravi
1511 1108 1634 1146 docu-

205 1213 263 1249 Hs.
288 1214 382 1247 hatte
407 1215 610 1257 defecerat),
635 1225 662 1248 s.
687 1217 741 1257 31,
758 1217 812 1256 46,
833 1218 883 1258 13,

204 1260 285 1338 til.
299 1260 883 1348 ⁰493}th{ussss‘vffssfitssglffipiglz

203 1360 245 1382 zu
271 1351 325 1391 25,
351 1352 405 1392 32,
433 1353 484 1385 10.
511 1370 554 1375 --
578 1351 710 1392 scelus,
737 1351 883 1384 absicht-

202 1395 309 1437 liche,
345 1395 542 1429 frevelhafte
574 1396 780 1439 Verletzung
816 1397 883 1428 An-

202 1439 308 1481 derer,
334 1450 361 1474 s.
387 1441 408 1484 ξ
435 1444 471 1479 7;
499 1443 554 1482 23,
580 1443 610 1482 7,
635 1443 653 1474 3
679 1441 858 1480 facinora.

248 1487 348 1519 3—4.
374 1489 500 1519 merito
531 1489 655 1528 magis,
689 1496 789 1519 wenn
814 1486 883 1519 Sci-

204 1530 258 1573 pio
273 1531 423 1574 sogleich
438 1532 490 1565 bei
504 1531 613 1565 seiner
623 1531 776 1565 Ankunft
791 1532 884 1565 hatte

201 1579 317 1619 streng
342 1587 450 1620 gegen
476 1577 529 1610 sie
549 1577 724 1610 verfahren
746 1577 883 1619 wollen,

201 1631 239 1654 so
264 1622 381 1654 wurde
405 1621 515 1655 dieses
528 1622 622 1655 mehr
644 1622 733 1656 ihrer
745 1622 882 1665 Schuld,

201 1676 228 1700 s.
256 1668 445 1708 22,59,13,
470 1677 691 1710 angemessen
717 1668 880 1710 als-ge-

201 1718 316 1745 wesen
348 1713 438 1753 sein;
474 1715 600 1745 merito
642 1713 751 1747 utilit.
788 1724 880 1747 saev.

199 1756 269 1795 for.
295 1757 339 1790 ist
362 1757 520 1801 bedingt,
545 1758 616 1801 vgl.
645 1760 673 1798 1,
701 1761 754 1799 13,
779 1760 810 1792 3.
834 1778 879 1783 —-

200 1805 284 1834 tunc
324 1803 417 1835 stellt
451 1803 523 1836 hier
562 1805 679 1846 primo
725 1803 880 1836 adventu

198 1847 401 1889 gegeniiber,
427 1847 485 1881 das
509 1848 544 1880 in
561 1848 619 1881 der
636 1849 792 1891 spateren
806 1849 880 1882 Zeit

198 1891 382 1925 Wirkliche
411 1892 470 1925 der
502 1893 596 1926 nicht
628 1893 784 1926 ersfillten
816 1893 877 1926 Be—

197 1937 362 1980 dingung,
386 1948 477 1970 saev.
492 1938 597 1980 foret,
611 1942 790 1981 entgegen,
806 1938 877 1981 vgl.

198 1984 253 2023 26,
274 1984 369 2024 1o,7‚
394 1983 456 2016 wir
479 1993 600 2026 sagen:
629 1984 731 2024 jetzt;
757 1983 877 2016 anders

197 2027 272 2061 sind
309 2027 362 2060 die
398 2028 506 2070 Falle,
544 2039 598 2062 wo
633 2038 670 2062 es
710 2028 770 2061 auf
803 2029 876 2061 eine

197 2073 290 2106 nicht
320 2073 549 2116 eingetretene
573 2073 772 2117 Bedingung
801 2073 875 2106 hin-

197 2118 305 2159 weist,
330 2118 389 2151 der
413 2119 472 2151 mit
496 2130 591 2152 nunc
615 2119 668 2152 die
694 2118 874 2152 Wirklich-

196 2163 266 2197 keit
291 2164 573 2206 gegeniibertritt,
608 2165 673 2198 wie
699 2167 730 2205 7,
757 2166 811 2205 30,
837 2166 872 2203 2;

197 2210 251 2250 39,
276 2211 329 2249 37,
354 2211 392 2248 8;
420 2209 485 2242 Cic.
511 2209 581 2253 Lig.
603 2211 875 2252 5,16.-—quin-

196 2256 249 2296 tis,
275 2264 341 2286 von
356 2254 521 2298 Carthago
534 2265 606 2295 aus,
621 2255 690 2298 vgl.
705 2265 734 2288 c.
754 2257 804 2295 16,
821 2256 872 2288 10.

195 2317 238 2323 -—
264 2299 453 2341 Iliturgin,
481 2310 508 2333 s.
538 2311 564 2333 c.
590 2302 621 2341 3,
646 2302 665 2333 2
703 2300 874 2342 Orongin,

195 2344 288 2377 mehr
312 2344 366 2377 bei
379 2345 608 2387 griechischen
623 2344 875 2386 Stadtenamen‚

195 2389 303 2422 neben
329 2390 510 2431 Iliturgim
535 2392 589 2431 24,
614 2393 669 2431 41,
691 2392 726 2430 83
755 2392 874 2431 26‚1·1‚

195 2436 230 2468 4:
258 2436 351 2466 inter
376 2436 507 2477 oppida
534 2436 714 2477 Iliturgim
732 2439 765 2468 et
777 2435 874 2468 Men-

196 2481 315 2511 tissam
340 2479 407 2512 und
433 2479 508 2513 dem
532 2480 788 2522 lndeclinabik,
820 2482 874 2520 21,

194 2525 248 2566 24,
265 2527 293 2563 1;
310 2526 455 2565 34,10,1
474 2526 522 2558 ad
533 2527 702 2569 oppidum
716 2526 873 2568 Iliturgi.

1000 1218 1031 1249 5.
1048 1218 1264 1249 conscientia
1279 1235 1305 1239 —
1320 1219 1463 1259 scirent,
1477 1216 1536 1250 das
1550 1217 1633 1251 bose

953 1260 1137 1300 Gewissen,
1163 1261 1212 1294 als
1229 1261 1548 1303 Gemsithszustand,
1564 1266 1630 1296 sei-

953 1309 1034 1338 rent
1057 1305 1116 1339 das
1141 1305 1253 1340 blosse
1279 1306 1430 1346 Wissen;
1457 1307 1516 1341 das
1536 1307 1632 1341 Letz-

953 1354 1022 1384 tere
1047 1351 1130 1384 wird
1155 1351 1187 1383 in
1214 1351 1329 1395 Bezug
1354 1352 1413 1385 auf
1435 1353 1456 1395 ξ
1475 1355 1512 1387 6:
1539 1353 1632 1386 indi-

953 1407 1048 1429 casse
1072 1396 1244 1439 gehoben,
1275 1400 1371 1430 sonst
1400 1397 1529 1431 konnte
1553 1408 1631 1431 man

952 1444 1036 1475 statt
1062 1441 1121 1474 des
1139 1442 1409 1485 tautologischen
1423 1443 1630 1486 Ausdrucks,

951 1487 1039 1529 quid
1061 1489 1181 1519 meriti
1211 1492 1324 1519 essent
1351 1489 1416 1521 wie
1441 1489 1460 1530 ξ
1487 1490 1518 1530 6,
1550 1488 1632 1522 oder

951 1533 1077 1575 eulpae
1109 1532 1174 1565 wie
1206 1533 1225 1574 ξ
1262 1534 1302 1566 10
1337 1537 1511 1566 erwarten.
1564 1533 1630 1567 Zu—

949 1577 1059 1620 gleich
1084 1577 1128 1610 ist
1153 1577 1206 1610 die
1219 1577 1472 1621 Abh'angigkeit
1495 1577 1555 1612 des
1578 1579 1629 1612 in-

949 1622 1097 1655 directen
1137 1622 1356 1666 Fragesatzes
1402 1634 1470 1656 von
1519 1624 1629 1658 einem

948 1667 1085 1702 hlossen
1110 1667 1240 1700 Nomen
1264 1678 1306 1700 zu
1330 1668 1514 1710 heachten‚
1541 1679 1567 1703 s.
1595 1672 1627 1711 7,

952 1715 1004 1755 12,
1028 1714 1064 1746 2:
1090 1715 1244 1755 inscitia,
1270 1714 1628 1755 qui—advenissent,-

949 1760 980 1800 3,
1005 1761 1058 1799 60,
1085 1760 1121 1792 6:
1156 1761 1372 1791 conscientia
1396 1779 1424 1783 —
1449 1761 1538 1802 quid
1568 1762 1628 1792 ab-

948 1808 1034 1836 esset
1058 1805 1199 1845 virium,
1224 1813 1279 1836 wo
1304 1804 1382 1837 aher
1405 1804 1464 1837 der
1486 1804 1575 1847 Abl.‚
1600 1815 1627 1839 s.

948 1851 1002 1891 25,
1021 1851 1075 1890 26,
1094 1851 1125 1890 2,
1149 1848 1203 1881 die
1228 1848 1461 1882 Construction
1488 1850 1627 1884 erleich-

948 1897 1022 1927 tert.
1037 1913 1082 1918 -—
1093 1904 1160 1936 pro
1186 1894 1272 1935 ind„
1297 1894 1368 1936 galt
1391 1893 1492 1928 ihnen
1506 1906 1544 1929 so
1557 1895 1626 1929 viel

946 1939 995 1972 als
1019 1948 1119 1971 wenn
1144 1948 1229 1971 uSW.

992 1985 1092 2017 6-8.
1117 1984 1216 2025 hine,
1248 1993 1315 2016 von
1341 1983 1465 2017 diesem
1491 1984 1625 2019 Punkte

945 2028 1149 2071 ausgehend.
1168 2047 1211 2052 —-
1236 2029 1323 2070 quid
1346 2033 1388 2061 ut
1409 2029 1530 2072 gehort
1553 2029 1625 2063 hier

944 2074 1038 2106 nicht
1060 2083 1099 2106 so
1125 2083 1318 2106 zusammen
1344 2074 1408 2107 wie
1433 2077 1464 2115 4,
1490 2077 1617 2117 49,15.

942 2118 1002 2152 Die
1034 2118 1254 2161 Verbindung
1285 2122 1415 2152 mereri
1450 2122 1622 2162 (merere),

943 2168 994 2204 ut,
1008 2163 1254 2206 entspreehend
1265 2164 1465 2207 dignus,ut‚
1475 2165 1520 2198 ist
1530 2165 1623 2199 nicht

942 2208 1067 2252 hfiufig,
1092 2209 1161 2252 vgl.
1186 2209 1251 2242 Cic.
1278 2220 1325 2244 or.
1354 2212 1383 2250 1,
1405 2213 1458 2250 54,
1481 2211 1559 2245 232.
1577 2229 1622 2236 —-

945 2255 1025 2295 illis,
1046 2254 1121 2287 weil
1135 2254 1183 2288 sie
1197 2255 1317 2288 ostlich
1333 2255 1515 2289 entfernter
1532 2255 1620 2290 sind.

944 2319 987 2324 —-
1025 2310 1137 2342 prope
1181 2302 1258 2332 sine
1305 2303 1368 2334 etc.
1415 2300 1621 2334 rhetorische

945 2344 1218 2388 Uehertreibung.
1231 2365 1275 2370 —
1293 2346 1335 2379 de
1358 2348 1455 2389 imp„
1480 2345 1547 2389 vgl.
1565 2347 1620 2387 22,

944 2391 998 2431 58,
1018 2392 1048 2424 3.
1073 2410 1116 2414 —
1140 2395 1247 2423 semet
1269 2391 1351 2434 geht
1375 2390 1434 2424 auf
1454 2390 1513 2424 das
1525 2390 1620 2432 Subj.

945 2438 981 2467 ln
1004 2435 1133 2475 forent.
1158 2455 1202 2460 -
1226 2438 1437 2469 instructam
1459 2453 1504 2465 =
1529 2446 1620 2478 quae

943 2483 1118 2513 instructa
1144 2481 1297 2523 (futura)
1309 2482 1445 2521 fuisset.
1457 2500 1500 2505 —
1511 2483 1620 2523 gravi

944 2525 1030 2567 doe„
1055 2528 1109 2568 21,
1133 2528 1182 2568 19,
1203 2528 1244 2560 10
1269 2529 1408 2569 insigne
1432 2526 1618 2560 documen-
