1732 2840
162 127 218 167 56
627 128 750 163 LIBER
776 128 906 161 xxvu.

956 129 1048 162 CAP.
1080 131 1128 163 19.

1443 146 1468 166 a.
1489 145 1516 165 u.
1537 139 1596 165 555.

163 243 335 283 bominis
356 243 516 294 ingenio
538 242 821 294 amplissimum
853 241 1065 290 ducerent,
1097 243 1210 282 tacite
1232 242 1461 291 iudicarent,
1494 243 1597 281 vocis

128 308 147 341 6
167 300 423 351 usurpatione
458 299 712 339 abstinerent.

769 310 927 338 sensere
959 298 1072 338 etiam
1104 298 1254 338 barbari
1290 299 1597 351 magnitudinem

166 357 297 404 animi,
321 356 433 395 cuius
455 356 642 395 miraculo
667 354 835 395 nominis
857 354 921 394 alii
942 355 1125 395 mortales
1147 362 1363 407 stuperent,
1392 356 1429 395 id
1453 368 1499 394 ex
1520 362 1597 394 tam

128 424 144 454 τ
167 425 306 464 magno
337 412 490 463 fastigio
521 412 779 464 aspernantis.
826 411 926 450 dona
958 412 1048 451 inde
1088 412 1233 463 regulis
1273 412 1598 464 principibusque

166 470 431 522 Hispanorum
454 469 593 518 divisa,
626 475 663 508 et
685 481 730 508 ex
753 480 891 518 magna
922 468 1032 520 copia
1063 475 1267 520 captorum
1298 481 1489 521 equorum
1517 481 1599 515 ccc,

130 534 148 567 ὅ
169 539 269 578 quos
291 526 424 574 vellet,
457 526 599 577 eligere
622 525 827 564 Indibilem
849 525 974 564 iussit.
1017 538 1105 564 cum
1128 526 1241 564 Afros
1274 526 1460 565 venderet
1491 525 1599 564 iussu

168 583 416 635 imperatoris
439 588 643 634 quaestor,
673 593 841 633 puerum
872 581 1044 621 adultum
1075 582 1178 621 inter
1209 594 1276 622 eos
1308 583 1429 621 forma
1455 581 1600 631 insigni

131 649 149 680 9
171 652 259 679 cum
282 639 452 678 audisset
472 639 568 689 regii
589 639 745 690 generis
767 650 864 686 esse,
886 638 931 677 ad
953 638 1176 690 Scipionem
1211 638 1326 678 misit.
1369 651 1484 689 quem
1512 650 1599 677 cum

169 701 495 748 percunctaretur
516 695 666 746 Scipio,
699 695 788 746 quis
809 700 846 734 et
878 695 984 734 cuias
1015 701 1052 734 et
1083 707 1153 734 cur
1176 696 1212 734 id
1239 696 1372 735 aetatis
1403 695 1442 734 in
1466 694 1600 734 castris

167 753 318 799 fuisset,
351 752 555 791 Numidam
580 764 664 791 esse
686 752 750 797 ait,
775 751 976 791 Massivam
1000 752 1208 803 populares
1230 764 1386 800 vocare;
1421 751 1559 791 orbum
1581 763 1601 790 a

170 814 280 860 patre
301 808 494 857 relictum,
517 808 622 859 apud
645 816 864 847 maternum
889 821 998 847 avum
1018 808 1162 855 Galam,
1186 821 1317 859 regem
1333 809 1603 854 Numidarum,
1627 823 1630 826 ⁴

169 865 365 912 eductum,
389 877 476 904 cum
500 865 692 905 avunculo
715 864 930 913 Masinissa,
961 865 1027 915 qui
1053 877 1178 916 nuper
1201 877 1289 904 cum
1313 865 1486 916 equitatu
1509 864 1602 903 sub-

111 931 148 963 20
169 922 268 961 sidio
300 921 686 972 Carthaginiensibus
715 921 904 968 venisset,
935 921 974 960 in
1006 921 1232 973 Hispaniam
1256 921 1465 961 traiecisse.
1510 933 1604 972 pro-

171 977 336 1017 hibitum
369 983 530 1029 propter
564 983 726 1017 aetatem
757 991 776 1017 a
807 977 1009 1017 Masinissa
1041 991 1254 1029 numquam
1285 984 1374 1017 ante
1409 977 1604 1030 proelium

173 1035 304 1082 inisse:
325 1047 369 1074 eo
388 1034 461 1083 die,
478 1046 555 1085 quo
573 1040 789 1085 pugnatum
807 1046 895 1074 cum
913 1034 1098 1074 Romanis
1117 1040 1229 1080 esset,
1254 1034 1378 1074 inscio
1396 1034 1602 1082 avunculo,

173 1091 270 1130 clam
293 1091 409 1130 armis
432 1103 611 1142 equoque
634 1096 790 1142 sumpto
813 1091 851 1129 in
874 1091 992 1130 aciem
1027 1091 1173 1139 exisse3
1204 1091 1254 1130 ibi
1286 1091 1470 1143 prolapso
1502 1103 1604 1142 equo

114 1157 149 1189 11
172 1148 369 1187 effusum
361 1161 401 1186 in
424 1159 612 1210 praeceps
645 1154 800 1199 captum
830 1147 876 1186 ab
898 1147 1084 1186 Romanis
1116 1159 1212 1187 esse.
1255 1148 1387 1199 Scipio
1420 1160 1507 1187 cum
1539 1147 1606 1186 ad-

172 1205 317 1244 serv-aii
338 1204 544 1243 Numidam
566 1204 754 1252 iussisset,
787 1216 884 1254 quae
903 1216 974 1255 pro
998 1204 1182 1243 tiibunali
1202 1205 1349 1255 agenda
1371 1210 1494 1251 er,aut
1515 1215 1607 1255 per-

174 1261 268 1311 agit,
302 1261 391 1300 inde
413 1273 501 1299 cum
524 1273 564 1299 se
587 1261 626 1299 in
649 1260 886 1311 praetmium
911 1261 1134 1312 recepisset,
1165 1266 1343 1300 iocatum
1372 1273 1460 1300 eum
1484 1261 1605 1299 inter-

116 1326 152 1358 12
174 1325 302 1369 rogat,
340 1316 505 1356 velletne
527 1317 571 1356 ad
595 1317 837 1356 Masinissam
859 1317 1012 1356 reverti.
1054 1329 1142 1356 cum
1175 1317 1307 1357 effusis
1331 1318 1470 1368 gaudio
1493 1316 1605 1357 lacri-

175 1439 302 1482 Konigs
329 1439 460 1482 wiirdig
482 1439 540 1480 sei,
566 1439 717 1481 dagegen
733 1439 799 1472 Cic.
814 1439 854 1471 de

174 1486 253 1528 imp.
279 1484 396 1527 Pomp.
423 1486 455 1525 9,
483 1486 541 1517 24:
574 1495 697 1516 nomen
724 1485 854 1526 thgaIe

174 1530 238 1563 Der
272 1529 349 1563 Satz
390 1529 431 1562 ist
467 1529 682 1572 Aeusserung
714 1529 856 1573 Scipios,

177 1575 269 1608 nieht
282 1585 348 1608 von
365 1575 504 1607 ιιιάιιαι
507 1578 566 1607 ent
578 1555 757 1617 ablfflngig,
780 1585 856 1608 son-

176 1620 256 1654 dern
283 1620 386 1653 durch
414 1620 451 1652 iel
482 1619 602 1652 darauf
632 1620 797 1662 bezogen,
829 1630 855 1653 s.

177 1666 295 1708 Polyb
333 1676 360 1699 r.
387 1667 445 1698 40:
476 1662 660 1706 Βασιλικὸς
689 1678 757 1716 μεν
789 1666 855 1709 ἔφη

176 1710 242 1755 βσί
238 1709 379 1743 huffen
391 1712 450 1742 καὶ
465 1697 636 1762 λέγεσθαι
654 1708 751 1755 παοὶι
769 1712 818 1744 πᾶ
823 1722 858 1743 σι

177 1758 236 1788 καὶ
254 1758 330 1788 ταῖς
343 1743 728 1809 (Λνθειαιςιταοχειν
754 1758 856 1798 Sam-

179 1797 254 1833 2εὑς
271 1796 492 1855 >tenisi-01⁴5?
517 1799 610 1833 εἶναι
620 1788 753 1833 θέλειν
777 1798 858 1833 οὔτε

179 1844 351 1891 2εγεσθαι
377 1842 854 1887 nc19‘0i3216.811.1t.16‚

180 1893 256 1929 256,
283 1901 308 1923 s.
335 1890 466 1923 Einleit.
494 1892 547 1923 21.
574 1909 617 1913 —-
644 1893 767 1930 lactee
794 1892 858 1923 wie

177 1938 210 1976 2,
236 1937 290 1977 53,
315 1937 352 1973 8;
379 1935 436 1978 Sp.
464 1935 521 1967 liat
547 1937 667 1975 taciti,
693 1945 717 1968 s
745 1938 776 1976 5,
804 1938 856 1977 29,

138 1984 232 2033 α10
259 1980 384 2023 ngc.
416 1982 531 2020 1215
560 1981 704 2023 hepate.

225 2027 323 2060 6—8
349 2025 522 2058 miraculo
555 2029 629 2065 ete,
663 2025 714 2057 ein
742 2025 857 2065 Name,

179 2071 283 2104 den
301 2071 365 2104 wie
391 2070 444 2103 ein
471 2070 620 2103 Wunder
644 2075 858 2104 anstaunten.

178 2136 222 2141 ——
236 2126 366 2158 magno
381 2116 476 2157 fast.,
500 2116 742 2159 entsprechend
761 2126 855 2157 mag—

180 2172 262 2194 num
288 2163 341 2203 §4
366 2161 433 2194 und
460 2161 656 2203 magnitud.
684 2163 803 2202 animi,
830 2171 856 2194 s.

182 2207 252 2239 Pol.
279 2217 306 2239 c.
325 2209 430 2247 40,9:
458 2216 523 2239 von
550 2206 658 2239 einem
685 2217 721 2240 so
750 2207 858 2239 hohen

181 2251 376 2293 (sittlichenl
400 2250 636 2294 Standpnnhte
661 2261 732 2293 aus,
757 2251 860 2284 durch

183 2308 332 2339 magnus
347 2296 409 2330 soll
426 2297 492 2329 wol
507 2296 559 2329 die
573 2297 754 2339 gewaltige
768 2296 861 2329 Hohe

184 2342 375 2374 bezeichnet
402 2341 548 2382 werden,
576 2343 638 2374 wie
663 2342 746 2374 auch
765 2346 861 2375 sonst

183 2397 334 2427 magnus
367 2387 560 2430 speciellere
587 2387 859 2429 Bestimmungen

182 2432 324 2470 vertritt,
347 2441 371 2464 s.
387 2434 440 2473 21,
457 2434 511 2472 43,
527 2434 561 2470 3;
577 2434 608 2473 9,
628 2435 711 2473 1·1‚6
729 2442 859 2473 magna

183 2477 355 2519 exempla,
381 2477 540 2520 Nagelsb.
569 2479 710 2519 §70,2;
736 2477 788 2510 die
803 2476 859 2520 Sp.

182 2522 261 2555 Hds.
294 2521 352 2554 hat
385 2522 446 2555 den
486 2522 742 2565 gewohnlichen
775 2523 860 2555 Aus-

182 2566 306 2600 druck:
343 2567 432 2608 alto,
468 2568 533 2610 vgl.
572 2567 654 2602 Vell.
681 2569 711 2610 2,
742 2569 814 2608 131,
845 2570 858 2600 1

926 1440 1181 1481 amplissimum
1198 1459 1222 1463 —
1239 1441 1434 1481 fastigium.
1462 1458 1501 1463 -—
1530 1449 1607 1472 cum

924 1503 953 1507 —
979 1495 1057 1517 cum
1083 1488 1114 1525 6,
1141 1487 1194 1525 34,
1221 1488 1251 1518 6.

971 1554 1093 1585 9—10.
1120 1555 1198 1594 quis
1223 1557 1256 1585 el
1280 1571 1305 1576 -
1334 1557 1367 1585 et
1392 1552 1455 1585 wie
1481 1553 1535 1592 23,
1552 1553 1606 1592 34,

928 1600 964 1635 ὃς
991 1600 1090 1630 cuias
1115 1597 1220 1630 findet
1243 1598 1435 1631 sicbselten
1450 1597 1501 1630 bei
1517 1597 1607 1631 Clas-

927 1642 1052 1676 sikern.
1078 1662 1119 1666 —
1147 1643 1184 1675 id
1209 1647 1286 1683 ael„
1317 1645 1367 1685 10,
1386 1644 1490 1682 24‚6;
1517 1641 1604 1676 hier:

927 1688 958 1720 in
992 1698 1029 1721 so
1064 1691 1188 1721 zartem
1215 1688 1318 1722 Alter.
1343 1707 1388 1712 —
1412 1687 1606 1720 Numidam
1666 1690 1689 1737 ,ζ

928 1733 1015 1766 ohne
1041 1744 1076 1765 se
1103 1734 1167 1766 wie
1195 1736 1385 1766 traiecisse.
1413 1752 1456 1757 —
1482 1735 1608 1774 inisse,-

927 1778 947 1821 ξ
977 1780 1031 1817 12;
1058 1780 1111 1820 23,
1134 1781 1165 1821 5,
1185 1781 1221 1812 15
1241 1779 1319 1812 a.E.
1348 1779 1500 1820 Massiv„
1527 1777 1608 1811 Sall.

927 1824 950 1864 1,
971 1826 1024 1857 35.
1049 1824 1169 1866 popul.
1198 1835 1280 1865 voc„
1308 1826 1361 1867 30,
1388 1825 1442 1864 42,
1468 1825 1526 1866 123
1552 1824 1608 1865 25,

927 1870 982 1909 40,
1018 1872 1055 1906 5;
1096 1879 1156 1901 nur
1194 1873 1323 1902 vocant
1359 1871 1389 1909 2,
1427 1871 1473 1908 12,
1508 1869 1538 1902 9.
1564 1887 1607 1892 -

927 1913 1056 1953 educ-L,
1092 1914 1160 1956 vgl.
1191 1917 1216 1955 l,
1243 1916 1296 1954 39,
1322 1916 1359 1951 ὃς
1386 1915 1440 1955 21,
1464 1915 1518 1956 43,
1549 1915 1606 1952 15;

927 1958 1002 1991 Val.
1038 1958 1124 1991 Max.
1157 1959 1178 1992 l.
1211 1959 1248 1993 l.:
1288 1959 1474 1991 educatum
1511 1958 1610 2001 apud

928 2003 1142 2036 avunculum
1169 2023 1195 2027 -
1221 2014 1352 2046 nuper,
1383 2014 1410 2037 s.
1442 2015 1470 2037 c.
1496 2006 1526 2045 5,
1557 2006 1608 2038 11.

927 2068 970 2072 -
986 2059 1023 2081 eo
1050 2048 1116 2089 die,
1143 2060 1222 2091 quo,
1248 2059 1283 2083 es
1308 2049 1350 2083 ist
1377 2049 1435 2082 der
1454 2048 1608 2092 vorherg.

929 2093 1001 2137 Tag
1027 2104 1197 2136 gewesen.

978 2163 1119 2194 11—-12,
1144 2172 1209 2203 pro
1237 2163 1328 2201 trib„
1355 2172 1431 2194 vom
1455 2161 1510 2195 Tr.
1537 2171 1608 2202 aus,

930 2205 1050 2239 dessen
1089 2208 1263 2249 grosseren
1298 2206 1392 2239 Tbeil
1429 2217 1464 2239 er
1501 2206 1610 2240 hinter

930 2251 1001 2284 sicli
1027 2251 1096 2289 hat;
1133 2261 1168 2284 es
1193 2251 1267 2284 sind
1294 2251 1504 2285 ricliterliehe
1528 2251 1610 2285 oder

931 2296 1120 2339 uberhaupt
1145 2297 1416 2339 Amtsgeschaste
1449 2297 1610 2340 gemeint,

931 2341 1059 2375 welche
1096 2351 1161 2374 von
1198 2342 1262 2374 den
1295 2342 1503 2376 Proconsuln
1541 2342 1607 2374 und

930 2386 1154 2429 Propriitoren
1189 2387 1253 2420 wie
1279 2397 1345 2420 von
1372 2387 1436 2420 den
1462 2387 1607 2420 hoheren

929 2431 1145 2474 Magistraten
1172 2431 1423 2465 vomTribunal
1448 2442 1507 2465 aus
1533 2441 1609 2465 ver-

930 2477 1050 2510 richtet
1076 2477 1223 2518 werden,
1249 2480 1301 2518 26,
1328 2479 1382 2519 38,
1403 2479 1608 2519 8.—prae-

932 2526 1016 2564 ιυικ,
1058 2523 1274 2555 unmittelbar
1320 2532 1380 2555 vor
1414 2522 1608 2556 demselbeu

930 2567 1018 2600 links
1046 2577 1114 2600 war
1139 2567 1198 2601 das
1224 2567 1608 2610 Tribunat-gaudio,
