<?xml version="1.0" encoding="UTF-8"?>
<!DOCTYPE html PUBLIC "-//W3C//DTD XHTML 1.0 Transitional//EN"
    "http://www.w3.org/TR/xhtml1/DTD/xhtml1-transitional.dtd">
<html xmlns="http://www.w3.org/1999/xhtml" xml:lang="en" lang="en">
 <head>
  <title>
</title>
<meta http-equiv="Content-Type" content="text/html;charset=utf-8" />
  <meta name='ocr-system' content='tesseract 3.04.00' />
  <meta name='ocr-capabilities' content='ocr_page ocr_carea ocr_par ocr_line ocrx_word'/>
</head>
<body>
  <div class='ocr_page' id='page_1' title='image "./aburbeconditalib06livyuoft_0391.png"; bbox 0 0 1732 2840; ppageno 0'>
   <div class='ocr_carea' id='block_1_1' title="bbox 0 0 23 1136">
    <p class='ocr_par' dir='ltr' id='par_1_1' title="bbox 0 0 23 1136">
     <span class='ocr_line' id='line_1_1' title="bbox 0 0 23 1136; baseline 0 0"><span class='ocrx_word' id='word_1_1' title='bbox 0 0 23 1136; x_wconf 95' lang='lat' dir='ltr'> </span> 
     </span>
    </p>
   </div>
   <div class='ocr_carea' id='block_1_2' title="bbox 104 116 280 144">
    <p class='ocr_par' dir='ltr' id='par_1_2' title="bbox 104 116 280 144">
     <span class='ocr_line' id='line_1_2' title="bbox 104 116 280 144; baseline -0.017 0"><span class='ocrx_word' id='word_1_2' title='bbox 104 124 130 144; x_wconf 83' lang='lat' dir='ltr'>a·</span> <span class='ocrx_word' id='word_1_3' title='bbox 151 116 202 144; x_wconf 84' lang='lat' dir='ltr'>ch.</span> <span class='ocrx_word' id='word_1_4' title='bbox 220 116 280 143; x_wconf 89' lang='grc'>203.</span> 
     </span>
    </p>
   </div>
   <div class='ocr_carea' id='block_1_3' title="bbox 576 105 1039 140">
    <p class='ocr_par' dir='ltr' id='par_1_3' title="bbox 576 105 1039 140">
     <span class='ocr_line' id='line_1_3' title="bbox 576 105 1039 140; baseline 0 -2"><span class='ocrx_word' id='word_1_5' title='bbox 576 105 696 139; x_wconf 84' lang='lat' dir='ltr'>LIBER</span> <span class='ocrx_word' id='word_1_6' title='bbox 722 105 818 138; x_wconf 83' lang='lat' dir='ltr'>XXX.</span> <span class='ocrx_word' id='word_1_7' title='bbox 868 105 960 140; x_wconf 75' lang='lat' dir='ltr'><strong>CAP.</strong></span> <span class='ocrx_word' id='word_1_8' title='bbox 990 107 1039 139; x_wconf 84' lang='lat'>12.</span> 
     </span>
    </p>
   </div>
   <div class='ocr_carea' id='block_1_4' title="bbox 1441 105 1518 143">
    <p class='ocr_par' dir='ltr' id='par_1_4' title="bbox 1441 105 1518 143">
     <span class='ocr_line' id='line_1_4' title="bbox 1441 105 1518 143; baseline -0.013 0"><span class='ocrx_word' id='word_1_9' title='bbox 1441 105 1518 143; x_wconf 88' lang='lat'>117</span> 
     </span>
    </p>
   </div>
   <div class='ocr_carea' id='block_1_5' title="bbox 103 220 1582 555">
    <p class='ocr_par' dir='ltr' id='par_1_5' title="bbox 103 220 1582 498">
     <span class='ocr_line' id='line_1_5' title="bbox 105 220 1579 273; baseline 0.001 -13"><span class='ocrx_word' id='word_1_10' title='bbox 105 220 226 260; x_wconf 85' lang='lat' dir='ltr'>oratio</span> <span class='ocrx_word' id='word_1_11' title='bbox 250 225 347 258; x_wconf 79' lang='lat' dir='ltr'>esset</span> <span class='ocrx_word' id='word_1_12' title='bbox 370 231 483 270; x_wconf 91' lang='lat' dir='ltr'>quam</span> <span class='ocrx_word' id='word_1_13' title='bbox 508 231 666 271; x_wconf 82' lang='lat' dir='ltr'>preces,</span> <span class='ocrx_word' id='word_1_14' title='bbox 690 232 768 258; x_wconf 91' lang='lat' dir='ltr'>non</span> <span class='ocrx_word' id='word_1_15' title='bbox 791 220 830 259; x_wconf 92' lang='lat' dir='ltr'>in</span> <span class='ocrx_word' id='word_1_16' title='bbox 854 221 1155 260; x_wconf 80' lang='lat' dir='ltr'>misericordiam</span> <span class='ocrx_word' id='word_1_17' title='bbox 1176 220 1292 260; x_wconf 89' lang='lat' dir='ltr'>modo</span> <span class='ocrx_word' id='word_1_18' title='bbox 1315 220 1520 273; x_wconf 88' lang='lat' dir='ltr'>prolapsus</span> <span class='ocrx_word' id='word_1_19' title='bbox 1545 229 1579 262; x_wconf 86' lang='lat'>18</span> 
     </span>
     <span class='ocr_line' id='line_1_6' title="bbox 104 276 1520 327; baseline 0 -11"><span class='ocrx_word' id='word_1_20' title='bbox 104 283 162 316; x_wconf 86' lang='lat' dir='ltr'>est</span> <span class='ocrx_word' id='word_1_21' title='bbox 183 276 335 316; x_wconf 87' lang='lat' dir='ltr'>animus</span> <span class='ocrx_word' id='word_1_22' title='bbox 355 276 532 322; x_wconf 89' lang='lat' dir='ltr'>victoris,</span> <span class='ocrx_word' id='word_1_23' title='bbox 562 276 649 323; x_wconf 88' lang='lat' dir='ltr'>sed,</span> <span class='ocrx_word' id='word_1_24' title='bbox 679 283 721 316; x_wconf 89' lang='lat' dir='ltr'>ut</span> <span class='ocrx_word' id='word_1_25' title='bbox 753 283 808 315; x_wconf 87' lang='lat' dir='ltr'>est</span> <span class='ocrx_word' id='word_1_26' title='bbox 837 289 962 327; x_wconf 85' lang='lat' dir='ltr'>genus</span> <span class='ocrx_word' id='word_1_27' title='bbox 991 277 1243 316; x_wconf 82' lang='lat' dir='ltr'>Numidarum</span> <span class='ocrx_word' id='word_1_28' title='bbox 1270 277 1309 315; x_wconf 90' lang='lat' dir='ltr'>in</span> <span class='ocrx_word' id='word_1_29' title='bbox 1331 277 1520 317; x_wconf 83' lang='lat' dir='ltr'>Venerem</span> 
     </span>
     <span class='ocr_line' id='line_1_7' title="bbox 103 333 1521 386; baseline 0.001 -14"><span class='ocrx_word' id='word_1_30' title='bbox 103 345 304 385; x_wconf 87' lang='lat' dir='ltr'>praeceps,</span> <span class='ocrx_word' id='word_1_31' title='bbox 336 344 467 371; x_wconf 89' lang='lat' dir='ltr'>amore</span> <span class='ocrx_word' id='word_1_32' title='bbox 490 333 662 384; x_wconf 86' lang='lat' dir='ltr'>captivae</span> <span class='ocrx_word' id='word_1_33' title='bbox 683 333 805 372; x_wconf 84' lang='lat' dir='ltr'>victor</span> <span class='ocrx_word' id='word_1_34' title='bbox 826 340 972 385; x_wconf 85' lang='lat' dir='ltr'>captus.</span> <span class='ocrx_word' id='word_1_35' title='bbox 1014 334 1100 373; x_wconf 88' lang='lat' dir='ltr'>data</span> <span class='ocrx_word' id='word_1_36' title='bbox 1122 334 1252 373; x_wconf 85' lang='lat' dir='ltr'>dextra</span> <span class='ocrx_word' id='word_1_37' title='bbox 1274 334 1312 372; x_wconf 90' lang='lat' dir='ltr'>in</span> <span class='ocrx_word' id='word_1_38' title='bbox 1336 333 1394 381; x_wconf 87' lang='lat' dir='ltr'>id,</span> <span class='ocrx_word' id='word_1_39' title='bbox 1418 334 1521 386; x_wconf 86' lang='lat' dir='ltr'>quod</span> 
     </span>
     <span class='ocr_line' id='line_1_8' title="bbox 103 388 1582 443; baseline 0.001 -15"><span class='ocrx_word' id='word_1_40' title='bbox 103 389 318 442; x_wconf 81' lang='lat' dir='ltr'>petebatur,</span> <span class='ocrx_word' id='word_1_41' title='bbox 336 388 563 439; x_wconf 84' lang='lat' dir='ltr'>obligandae</span> <span class='ocrx_word' id='word_1_42' title='bbox 578 390 663 428; x_wconf 86' lang='lat' dir='ltr'>[idei</span> <span class='ocrx_word' id='word_1_43' title='bbox 676 389 713 428; x_wconf 92' lang='lat' dir='ltr'>in</span> <span class='ocrx_word' id='word_1_44' title='bbox 728 389 872 440; x_wconf 89' lang='lat' dir='ltr'>regiam</span> <span class='ocrx_word' id='word_1_45' title='bbox 883 390 1074 428; x_wconf 88' lang='lat' dir='ltr'>concedit.</span> <span class='ocrx_word' id='word_1_46' title='bbox 1097 390 1237 429; x_wconf 85' lang='lat' dir='ltr'>institit</span> <span class='ocrx_word' id='word_1_47' title='bbox 1254 390 1394 429; x_wconf 84' lang='lat' dir='ltr'>deinde</span> <span class='ocrx_word' id='word_1_48' title='bbox 1406 403 1522 443; x_wconf 91' lang='lat' dir='ltr'>repu-</span> <span class='ocrx_word' id='word_1_49' title='bbox 1546 398 1582 430; x_wconf 82' lang='lat'>19</span> 
     </span>
     <span class='ocr_line' id='line_1_9' title="bbox 103 446 1553 498; baseline 0 -13"><span class='ocrx_word' id='word_1_50' title='bbox 103 452 182 485; x_wconf 85' lang='lat' dir='ltr'>tare</span> <span class='ocrx_word' id='word_1_51' title='bbox 199 457 329 485; x_wconf 87' lang='lat' dir='ltr'>secum</span> <span class='ocrx_word' id='word_1_52' title='bbox 347 446 444 497; x_wconf 87' lang='lat' dir='ltr'>ipse,</span> <span class='ocrx_word' id='word_1_53' title='bbox 462 457 576 497; x_wconf 90' lang='lat' dir='ltr'>quem</span> <span class='ocrx_word' id='word_1_54' title='bbox 594 446 639 484; x_wconf 84' lang='lat' dir='ltr'>ad</span> <span class='ocrx_word' id='word_1_55' title='bbox 657 446 815 484; x_wconf 84' lang='lat' dir='ltr'>modum</span> <span class='ocrx_word' id='word_1_56' title='bbox 832 446 1013 498; x_wconf 83' lang='lat' dir='ltr'>promissi</span> <span class='ocrx_word' id='word_1_57' title='bbox 1028 447 1141 485; x_wconf 85' lang='lat' dir='ltr'>fidem</span> <span class='ocrx_word' id='word_1_58' title='bbox 1160 453 1382 498; x_wconf 80' lang='lat' dir='ltr'>praestaret.</span> <span class='ocrx_word' id='word_1_59' title='bbox 1418 447 1521 498; x_wconf 88' lang='lat' dir='ltr'>quod</span> <span class='ocrx_word' id='word_1_60' title='bbox 1551 459 1553 461; x_wconf 76' lang='grc'><strong>’</strong></span> 
     </span>
    </p>

    <p class='ocr_par' dir='ltr' id='par_1_6' title="bbox 103 502 1523 555">
     <span class='ocr_line' id='line_1_10' title="bbox 103 502 1523 555; baseline 0 -13"><span class='ocrx_word' id='word_1_61' title='bbox 103 514 190 542; x_wconf 89' lang='lat' dir='ltr'>cum</span> <span class='ocrx_word' id='word_1_62' title='bbox 213 502 393 555; x_wconf 87' lang='lat' dir='ltr'>expedire</span> <span class='ocrx_word' id='word_1_63' title='bbox 413 515 489 541; x_wconf 88' lang='lat' dir='ltr'>non</span> <span class='ocrx_word' id='word_1_64' title='bbox 516 508 670 554; x_wconf 87' lang='lat' dir='ltr'>posset,</span> <span class='ocrx_word' id='word_1_65' title='bbox 691 502 738 541; x_wconf 90' lang='lat' dir='ltr'>ab</span> <span class='ocrx_word' id='word_1_66' title='bbox 760 514 891 541; x_wconf 86' lang='lat' dir='ltr'>amore</span> <span class='ocrx_word' id='word_1_67' title='bbox 913 503 1159 541; x_wconf 85' lang='lat' dir='ltr'>temerarium</span> <span class='ocrx_word' id='word_1_68' title='bbox 1181 509 1296 554; x_wconf 84' lang='lat' dir='ltr'>atque</span> <span class='ocrx_word' id='word_1_69' title='bbox 1317 503 1523 555; x_wconf 86' lang='lat' dir='ltr'>impudens</span> 
     </span>
    </p>
   </div>
   <div class='ocr_carea' id='block_1_6' title="bbox 102 558 1582 611">
    <p class='ocr_par' dir='ltr' id='par_1_7' title="bbox 102 558 1582 611">
     <span class='ocr_line' id='line_1_11' title="bbox 102 558 1582 611; baseline 0.001 -13"><span class='ocrx_word' id='word_1_70' title='bbox 102 565 302 598; x_wconf 85' lang='lat' dir='ltr'>mutuatur</span> <span class='ocrx_word' id='word_1_71' title='bbox 334 558 561 598; x_wconf 86' lang='lat' dir='ltr'>consilium:</span> <span class='ocrx_word' id='word_1_72' title='bbox 593 559 749 610; x_wconf 89' lang='lat' dir='ltr'>nuptias</span> <span class='ocrx_word' id='word_1_73' title='bbox 770 559 809 597; x_wconf 94' lang='lat' dir='ltr'>in</span> <span class='ocrx_word' id='word_1_74' title='bbox 833 570 920 597; x_wconf 90' lang='lat' dir='ltr'>eum</span> <span class='ocrx_word' id='word_1_75' title='bbox 943 559 1069 610; x_wconf 89' lang='lat' dir='ltr'>ipsum</span> <span class='ocrx_word' id='word_1_76' title='bbox 1092 559 1193 598; x_wconf 89' lang='lat' dir='ltr'>diem</span> <span class='ocrx_word' id='word_1_77' title='bbox 1215 560 1340 611; x_wconf 90' lang='lat' dir='ltr'>parari</span> <span class='ocrx_word' id='word_1_78' title='bbox 1361 566 1522 611; x_wconf 89' lang='lat' dir='ltr'>repente</span> <span class='ocrx_word' id='word_1_79' title='bbox 1542 567 1582 599; x_wconf 89' lang='lat'>20</span> 
     </span>
    </p>
   </div>
   <div class='ocr_carea' id='block_1_7' title="bbox 102 615 1580 894">
    <p class='ocr_par' dir='ltr' id='par_1_8' title="bbox 102 615 1580 894">
     <span class='ocr_line' id='line_1_12' title="bbox 104 615 1522 668; baseline 0.001 -14"><span class='ocrx_word' id='word_1_80' title='bbox 104 615 224 662; x_wconf 86' lang='lat' dir='ltr'>iubet,</span> <span class='ocrx_word' id='word_1_81' title='bbox 248 629 296 654; x_wconf 88' lang='lat' dir='ltr'>ne</span> <span class='ocrx_word' id='word_1_82' title='bbox 319 616 409 667; x_wconf 89' lang='lat' dir='ltr'>quid</span> <span class='ocrx_word' id='word_1_83' title='bbox 428 615 665 667; x_wconf 87' lang='lat' dir='ltr'>relinqueret</span> <span class='ocrx_word' id='word_1_84' title='bbox 682 615 822 666; x_wconf 81' lang='lat' dir='ltr'>integri</span> <span class='ocrx_word' id='word_1_85' title='bbox 839 622 903 654; x_wconf 87' lang='lat' dir='ltr'>aut</span> <span class='ocrx_word' id='word_1_86' title='bbox 919 615 1049 654; x_wconf 91' lang='lat' dir='ltr'>Laelio</span> <span class='ocrx_word' id='word_1_87' title='bbox 1065 621 1130 654; x_wconf 84' lang='lat' dir='ltr'>aut</span> <span class='ocrx_word' id='word_1_88' title='bbox 1146 616 1218 668; x_wconf 88' lang='lat' dir='ltr'>ipsi</span> <span class='ocrx_word' id='word_1_89' title='bbox 1237 615 1412 667; x_wconf 87' lang='lat' dir='ltr'>Scipioni</span> <span class='ocrx_word' id='word_1_90' title='bbox 1428 628 1522 655; x_wconf 91' lang='lat' dir='ltr'>con-</span> 
     </span>
     <span class='ocr_line' id='line_1_13' title="bbox 102 671 1580 724; baseline 0 -13"><span class='ocrx_word' id='word_1_91' title='bbox 102 672 254 711; x_wconf 85' lang='lat' dir='ltr'>sulendi</span> <span class='ocrx_word' id='word_1_92' title='bbox 276 672 380 711; x_wconf 84' lang='lat' dir='ltr'>velut</span> <span class='ocrx_word' id='word_1_93' title='bbox 402 672 440 710; x_wconf 91' lang='lat' dir='ltr'>in</span> <span class='ocrx_word' id='word_1_94' title='bbox 464 672 665 724; x_wconf 86' lang='lat' dir='ltr'>captivam,</span> <span class='ocrx_word' id='word_1_95' title='bbox 689 685 786 723; x_wconf 83' lang='lat' dir='ltr'>quae</span> <span class='ocrx_word' id='word_1_96' title='bbox 807 671 1031 711; x_wconf 85' lang='lat' dir='ltr'>Masinissae</span> <span class='ocrx_word' id='word_1_97' title='bbox 1052 672 1126 710; x_wconf 87' lang='lat' dir='ltr'>iam</span> <span class='ocrx_word' id='word_1_98' title='bbox 1148 678 1269 724; x_wconf 88' lang='lat' dir='ltr'>nupta</span> <span class='ocrx_word' id='word_1_99' title='bbox 1292 673 1403 711; x_wconf 87' lang='lat' dir='ltr'>soret.</span> <span class='ocrx_word' id='word_1_100' title='bbox 1446 673 1523 711; x_wconf 85' lang='lat' dir='ltr'>sac·</span> <span class='ocrx_word' id='word_1_101' title='bbox 1544 680 1580 712; x_wconf 80' lang='lat'>21</span> 
     </span>
     <span class='ocr_line' id='line_1_14' title="bbox 103 728 1523 781; baseline 0 -14"><span class='ocrx_word' id='word_1_102' title='bbox 103 729 151 767; x_wconf 95' lang='lat' dir='ltr'>tis</span> <span class='ocrx_word' id='word_1_103' title='bbox 182 728 330 781; x_wconf 86' lang='lat' dir='ltr'>nuptiis</span> <span class='ocrx_word' id='word_1_104' title='bbox 359 728 582 780; x_wconf 87' lang='lat' dir='ltr'>supervenit</span> <span class='ocrx_word' id='word_1_105' title='bbox 613 728 786 776; x_wconf 85' lang='lat' dir='ltr'>Laelius,</span> <span class='ocrx_word' id='word_1_106' title='bbox 818 736 853 767; x_wconf 90' lang='lat' dir='ltr'>et</span> <span class='ocrx_word' id='word_1_107' title='bbox 884 729 979 768; x_wconf 86' lang='lat' dir='ltr'>adeo</span> <span class='ocrx_word' id='word_1_108' title='bbox 1002 741 1081 767; x_wconf 90' lang='lat' dir='ltr'>non</span> <span class='ocrx_word' id='word_1_109' title='bbox 1104 729 1356 768; x_wconf 83' lang='lat' dir='ltr'>dissimulavit</span> <span class='ocrx_word' id='word_1_110' title='bbox 1377 729 1523 780; x_wconf 89' lang='lat' dir='ltr'>impro-</span> 
     </span>
     <span class='ocr_line' id='line_1_15' title="bbox 102 785 1524 837; baseline 0 -13"><span class='ocrx_word' id='word_1_111' title='bbox 102 785 193 824; x_wconf 90' lang='lat' dir='ltr'>bare</span> <span class='ocrx_word' id='word_1_112' title='bbox 215 798 255 824; x_wconf 89' lang='lat' dir='ltr'>se</span> <span class='ocrx_word' id='word_1_113' title='bbox 278 785 418 823; x_wconf 81' lang='lat' dir='ltr'>factum</span> <span class='ocrx_word' id='word_1_114' title='bbox 433 815 442 831; x_wconf 90' lang='lat'>,</span> <span class='ocrx_word' id='word_1_115' title='bbox 472 791 514 824; x_wconf 91' lang='lat' dir='ltr'>ut</span> <span class='ocrx_word' id='word_1_116' title='bbox 536 785 662 836; x_wconf 92' lang='lat' dir='ltr'>primo</span> <span class='ocrx_word' id='word_1_117' title='bbox 695 785 808 824; x_wconf 89' lang='lat' dir='ltr'>etiam</span> <span class='ocrx_word' id='word_1_118' title='bbox 839 797 927 824; x_wconf 92' lang='lat' dir='ltr'>cum</span> <span class='ocrx_word' id='word_1_119' title='bbox 950 785 1125 837; x_wconf 84' lang='lat' dir='ltr'>Syphace</span> <span class='ocrx_word' id='word_1_120' title='bbox 1148 792 1183 824; x_wconf 87' lang='lat' dir='ltr'>et</span> <span class='ocrx_word' id='word_1_121' title='bbox 1205 785 1343 824; x_wconf 86' lang='lat' dir='ltr'>ceteris</span> <span class='ocrx_word' id='word_1_122' title='bbox 1365 785 1524 837; x_wconf 86' lang='lat' dir='ltr'>captivis</span> 
     </span>
     <span class='ocr_line' id='line_1_16' title="bbox 102 841 1522 894; baseline -0.001 -14"><span class='ocrx_word' id='word_1_123' title='bbox 102 842 312 881; x_wconf 87' lang='lat' dir='ltr'>detractam</span> <span class='ocrx_word' id='word_1_124' title='bbox 346 853 428 880; x_wconf 90' lang='lat' dir='ltr'>eam</span> <span class='ocrx_word' id='word_1_125' title='bbox 461 847 544 880; x_wconf 90' lang='lat' dir='ltr'>toro</span> <span class='ocrx_word' id='word_1_126' title='bbox 577 841 719 892; x_wconf 87' lang='lat' dir='ltr'>geniali</span> <span class='ocrx_word' id='word_1_127' title='bbox 750 842 903 881; x_wconf 86' lang='lat' dir='ltr'>mittere</span> <span class='ocrx_word' id='word_1_128' title='bbox 933 842 979 880; x_wconf 85' lang='lat' dir='ltr'>ad</span> <span class='ocrx_word' id='word_1_129' title='bbox 1010 841 1234 894; x_wconf 85' lang='lat' dir='ltr'>Scipionem</span> <span class='ocrx_word' id='word_1_130' title='bbox 1266 849 1429 881; x_wconf 84' lang='lat' dir='ltr'>conatus</span> <span class='ocrx_word' id='word_1_131' title='bbox 1461 842 1522 880; x_wconf 87' lang='lat' dir='ltr'>sit.</span> 
     </span>
    </p>
   </div>
   <div class='ocr_carea' id='block_1_8' title="bbox 101 962 778 1050">
    <p class='ocr_par' dir='ltr' id='par_1_9' title="bbox 101 962 778 1050">
     <span class='ocr_line' id='line_1_17' title="bbox 101 962 777 1005; baseline -0.001 -10"><span class='ocrx_word' id='word_1_132' title='bbox 101 963 171 996; x_wconf 88' lang='lat' dir='ltr'>niss</span> <span class='ocrx_word' id='word_1_133' title='bbox 205 962 384 995; x_wconf 75' lang='lat' dir='ltr'>andeuten.</span> <span class='ocrx_word' id='word_1_134' title='bbox 411 982 454 986; x_wconf 96' lang='lat'>—</span> <span class='ocrx_word' id='word_1_135' title='bbox 483 967 523 994; x_wconf 80' lang='lat' dir='ltr'>ut</span> <span class='ocrx_word' id='word_1_136' title='bbox 548 983 574 986; x_wconf 89' lang='lat'><strong>—</strong></span> <span class='ocrx_word' id='word_1_137' title='bbox 599 974 777 1005; x_wconf 75' lang='lat' dir='ltr'>praeceps,</span> 
     </span>
     <span class='ocr_line' id='line_1_18' title="bbox 101 1009 778 1050; baseline 0 -10"><span class='ocrx_word' id='word_1_138' title='bbox 101 1018 128 1041; x_wconf 91' lang='lat' dir='ltr'>s.</span> <span class='ocrx_word' id='word_1_139' title='bbox 155 1009 209 1045; x_wconf 80' lang='lat'>29,</span> <span class='ocrx_word' id='word_1_140' title='bbox 235 1009 288 1048; x_wconf 84' lang='lat'>23,</span> <span class='ocrx_word' id='word_1_141' title='bbox 315 1010 345 1040; x_wconf 78' lang='grc'>-1,</span> <span class='ocrx_word' id='word_1_142' title='bbox 372 1027 417 1032; x_wconf 85' lang='grc'>-</span> <span class='ocrx_word' id='word_1_143' title='bbox 446 1019 565 1040; x_wconf 80' lang='lat' dir='ltr'>amore</span> <span class='ocrx_word' id='word_1_144' title='bbox 592 1029 616 1032; x_wconf 96' lang='lat'><strong>—</strong></span> <span class='ocrx_word' id='word_1_145' title='bbox 644 1013 778 1050; x_wconf 79' lang='lat' dir='ltr'>captus,</span> 
     </span>
    </p>
   </div>
   <div class='ocr_carea' id='block_1_9' title="bbox 6 1046 776 1095">
    <p class='ocr_par' dir='ltr' id='par_1_10' title="bbox 6 1046 776 1095">
     <span class='ocr_line' id='line_1_19' title="bbox 6 1046 776 1095; baseline 0 -11"><span class='ocrx_word' id='word_1_146' title='bbox 6 1046 13 1052; x_wconf 72' lang='grc'><strong>’</strong></span> <span class='ocrx_word' id='word_1_147' title='bbox 68 1072 72 1074; x_wconf 99' lang='grc'>-</span> <span class='ocrx_word' id='word_1_148' title='bbox 101 1052 154 1085; x_wconf 86' lang='lat' dir='ltr'>die</span> <span class='ocrx_word' id='word_1_149' title='bbox 172 1053 418 1095; x_wconf 84' lang='lat' dir='ltr'>Wortstellung</span> <span class='ocrx_word' id='word_1_150' title='bbox 436 1053 517 1086; x_wconf 77' lang='lat' dir='ltr'>heht</span> <span class='ocrx_word' id='word_1_151' title='bbox 535 1053 588 1086; x_wconf 89' lang='lat' dir='ltr'>die</span> <span class='ocrx_word' id='word_1_152' title='bbox 606 1054 776 1086; x_wconf 78' lang='lat' dir='ltr'>einzelnen</span> 
     </span>
    </p>
   </div>
   <div class='ocr_carea' id='block_1_10' title="bbox 99 1097 784 2583">
    <p class='ocr_par' dir='ltr' id='par_1_11' title="bbox 99 1097 781 2224">
     <span class='ocr_line' id='line_1_20' title="bbox 102 1097 778 1140; baseline -0.001 -9"><span class='ocrx_word' id='word_1_153' title='bbox 102 1097 260 1140; x_wconf 82' lang='lat' dir='ltr'>Begriffe;</span> <span class='ocrx_word' id='word_1_154' title='bbox 304 1100 418 1130; x_wconf 69' lang='lat' dir='ltr'>victor·</span> <span class='ocrx_word' id='word_1_155' title='bbox 453 1099 495 1131; x_wconf 88' lang='lat' dir='ltr'>ist</span> <span class='ocrx_word' id='word_1_156' title='bbox 533 1098 599 1131; x_wconf 89' lang='lat' dir='ltr'>wol</span> <span class='ocrx_word' id='word_1_157' title='bbox 634 1098 778 1131; x_wconf 86' lang='lat' dir='ltr'>absicht-</span> 
     </span>
     <span class='ocr_line' id='line_1_21' title="bbox 100 1142 778 1186; baseline 0 -11"><span class='ocrx_word' id='word_1_158' title='bbox 100 1142 166 1176; x_wconf 91' lang='lat' dir='ltr'>lich</span> <span class='ocrx_word' id='word_1_159' title='bbox 195 1143 403 1182; x_wconf 87' lang='lat' dir='ltr'>wiederholt,</span> <span class='ocrx_word' id='word_1_160' title='bbox 430 1148 552 1186; x_wconf 84' lang='lat' dir='ltr'>captus</span> <span class='ocrx_word' id='word_1_161' title='bbox 570 1144 675 1176; x_wconf 87' lang='lat' dir='ltr'>neben</span> <span class='ocrx_word' id='word_1_162' title='bbox 696 1154 778 1185; x_wconf 82' lang='lat' dir='ltr'>cap-</span> 
     </span>
     <span class='ocr_line' id='line_1_22' title="bbox 102 1188 777 1231; baseline 0.001 -11"><span class='ocrx_word' id='word_1_163' title='bbox 102 1192 194 1221; x_wconf 80' lang='lat' dir='ltr'>tivae</span> <span class='ocrx_word' id='word_1_164' title='bbox 215 1188 408 1231; x_wconf 81' lang='lat' dir='ltr'>Wortspiel.</span> <span class='ocrx_word' id='word_1_165' title='bbox 422 1207 465 1212; x_wconf 83' lang='lat'><strong>—</strong></span> <span class='ocrx_word' id='word_1_166' title='bbox 481 1189 563 1221; x_wconf 85' lang='lat' dir='ltr'>data</span> <span class='ocrx_word' id='word_1_167' title='bbox 588 1189 680 1221; x_wconf 66' lang='lat' dir='ltr'>dext.</span> <span class='ocrx_word' id='word_1_168' title='bbox 706 1192 777 1221; x_wconf 87' lang='lat' dir='ltr'>ent-</span> 
     </span>
     <span class='ocr_line' id='line_1_23' title="bbox 100 1233 779 1276; baseline 0 -11"><span class='ocrx_word' id='word_1_169' title='bbox 100 1233 227 1276; x_wconf 84' lang='lat' dir='ltr'>spricht</span> <span class='ocrx_word' id='word_1_170' title='bbox 252 1233 272 1275; x_wconf 64' lang='grc' dir='ltr'>ξ</span> <span class='ocrx_word' id='word_1_171' title='bbox 303 1236 338 1266; x_wconf 92' lang='grc'>17</span> <span class='ocrx_word' id='word_1_172' title='bbox 375 1234 537 1265; x_wconf 74' lang='lat' dir='ltr'>dextram</span> <span class='ocrx_word' id='word_1_173' title='bbox 567 1235 779 1276; x_wconf 81' lang='lat' dir='ltr'>amplectens</span> 
     </span>
     <span class='ocr_line' id='line_1_24' title="bbox 102 1278 778 1321; baseline 0 -10"><span class='ocrx_word' id='word_1_174' title='bbox 102 1278 172 1318; x_wconf 89' lang='lat' dir='ltr'>(der</span> <span class='ocrx_word' id='word_1_175' title='bbox 202 1278 311 1321; x_wconf 71' lang='lat' dir='ltr'>Konig</span> <span class='ocrx_word' id='word_1_176' title='bbox 350 1278 406 1310; x_wconf 89' lang='lat' dir='ltr'>hat</span> <span class='ocrx_word' id='word_1_177' title='bbox 441 1279 532 1312; x_wconf 86' lang='lat' dir='ltr'>seine</span> <span class='ocrx_word' id='word_1_178' title='bbox 566 1279 691 1312; x_wconf 85' lang='lat' dir='ltr'>Rechte</span> <span class='ocrx_word' id='word_1_179' title='bbox 728 1279 778 1311; x_wconf 90' lang='lat' dir='ltr'>ihr</span> 
     </span>
     <span class='ocr_line' id='line_1_25' title="bbox 100 1323 779 1366; baseline 0 -10"><span class='ocrx_word' id='word_1_180' title='bbox 100 1326 266 1366; x_wconf 88' lang='lat' dir='ltr'>entzogen</span> <span class='ocrx_word' id='word_1_181' title='bbox 292 1323 357 1356; x_wconf 90' lang='lat' dir='ltr'>und</span> <span class='ocrx_word' id='word_1_182' title='bbox 374 1323 445 1366; x_wconf 81' lang='lat' dir='ltr'>gibt</span> <span class='ocrx_word' id='word_1_183' title='bbox 458 1324 506 1357; x_wconf 88' lang='lat' dir='ltr'>sie</span> <span class='ocrx_word' id='word_1_184' title='bbox 525 1325 613 1365; x_wconf 80' lang='lat' dir='ltr'>Jetzt</span> <span class='ocrx_word' id='word_1_185' title='bbox 630 1324 779 1365; x_wconf 86' lang='lat' dir='ltr'>wieder),</span> 
     </span>
     <span class='ocr_line' id='line_1_26' title="bbox 101 1369 778 1411; baseline 0 -9"><span class='ocrx_word' id='word_1_186' title='bbox 101 1369 225 1402; x_wconf 87' lang='lat' dir='ltr'>ebenso</span> <span class='ocrx_word' id='word_1_187' title='bbox 251 1369 464 1411; x_wconf 74' lang='lat' dir='ltr'>obligandae</span> <span class='ocrx_word' id='word_1_188' title='bbox 487 1370 515 1408; x_wconf 78' lang='lat' dir='ltr'>f.</span> <span class='ocrx_word' id='word_1_189' title='bbox 540 1380 605 1402; x_wconf 80' lang='lat' dir='ltr'>von</span> <span class='ocrx_word' id='word_1_190' title='bbox 640 1370 715 1402; x_wconf 88' lang='lat' dir='ltr'>dem</span> <span class='ocrx_word' id='word_1_191' title='bbox 742 1372 778 1401; x_wconf 83' lang='lat' dir='ltr'>in</span> 
     </span>
     <span class='ocr_line' id='line_1_27' title="bbox 100 1413 778 1457; baseline 0.001 -12"><span class='ocrx_word' id='word_1_192' title='bbox 100 1413 148 1454; x_wconf 84' lang='lat' dir='ltr'>id,</span> <span class='ocrx_word' id='word_1_193' title='bbox 174 1413 299 1452; x_wconf 75' lang='lat' dir='ltr'>darauf,</span> <span class='ocrx_word' id='word_1_194' title='bbox 325 1414 402 1447; x_wconf 88' lang='lat' dir='ltr'>dass</span> <span class='ocrx_word' id='word_1_195' title='bbox 428 1414 486 1447; x_wconf 91' lang='lat' dir='ltr'>das</span> <span class='ocrx_word' id='word_1_196' title='bbox 500 1415 688 1457; x_wconf 84' lang='lat' dir='ltr'>geschehen</span> <span class='ocrx_word' id='word_1_197' title='bbox 704 1414 778 1454; x_wconf 89' lang='lat' dir='ltr'>soll,</span> 
     </span>
     <span class='ocr_line' id='line_1_28' title="bbox 100 1459 778 1502; baseline 0 -11"><span class='ocrx_word' id='word_1_198' title='bbox 100 1459 259 1502; x_wconf 67' lang='lat' dir='ltr'>abhfingt,</span> <span class='ocrx_word' id='word_1_199' title='bbox 283 1459 359 1492; x_wconf 87' lang='lat' dir='ltr'>dem</span> <span class='ocrx_word' id='word_1_200' title='bbox 379 1459 532 1501; x_wconf 83' lang='lat' dir='ltr'>vorherg.</span> <span class='ocrx_word' id='word_1_201' title='bbox 558 1462 595 1491; x_wconf 81' lang='lat' dir='ltr'>in</span> <span class='ocrx_word' id='word_1_202' title='bbox 621 1460 659 1492; x_wconf 82' lang='lat' dir='ltr'>id</span> <span class='ocrx_word' id='word_1_203' title='bbox 674 1460 778 1499; x_wconf 76' lang='lat' dir='ltr'>fidem</span> 
     </span>
     <span class='ocr_line' id='line_1_29' title="bbox 102 1504 777 1547; baseline 0.001 -11"><span class='ocrx_word' id='word_1_204' title='bbox 102 1515 241 1547; x_wconf 73' lang='lat' dir='ltr'>exposc.</span> <span class='ocrx_word' id='word_1_205' title='bbox 256 1524 282 1528; x_wconf 89' lang='lat'>—</span> <span class='ocrx_word' id='word_1_206' title='bbox 298 1505 404 1545; x_wconf 76' lang='lat' dir='ltr'>oblig.</span> <span class='ocrx_word' id='word_1_207' title='bbox 429 1504 515 1543; x_wconf 78' lang='lat' dir='ltr'>fidei</span> <span class='ocrx_word' id='word_1_208' title='bbox 537 1504 580 1537; x_wconf 90' lang='lat' dir='ltr'>ist</span> <span class='ocrx_word' id='word_1_209' title='bbox 597 1504 692 1537; x_wconf 88' lang='lat' dir='ltr'>Dativ</span> <span class='ocrx_word' id='word_1_210' title='bbox 719 1504 777 1537; x_wconf 90' lang='lat' dir='ltr'>des</span> 
     </span>
     <span class='ocr_line' id='line_1_30' title="bbox 101 1549 778 1590; baseline -0.001 -8"><span class='ocrx_word' id='word_1_211' title='bbox 101 1549 261 1590; x_wconf 87' lang='lat' dir='ltr'>Zwecks‚</span> <span class='ocrx_word' id='word_1_212' title='bbox 298 1559 364 1581; x_wconf 81' lang='lat' dir='ltr'>von</span> <span class='ocrx_word' id='word_1_213' title='bbox 404 1549 566 1581; x_wconf 74' lang='lat' dir='ltr'>deaetram</span> <span class='ocrx_word' id='word_1_214' title='bbox 605 1550 690 1582; x_wconf 84' lang='lat' dir='ltr'>dare</span> <span class='ocrx_word' id='word_1_215' title='bbox 723 1549 778 1582; x_wconf 86' lang='lat' dir='ltr'>ab·</span> 
     </span>
     <span class='ocr_line' id='line_1_31' title="bbox 102 1594 779 1637; baseline 0.001 -11"><span class='ocrx_word' id='word_1_216' title='bbox 102 1594 237 1637; x_wconf 71' lang='lat' dir='ltr'>hangig,</span> <span class='ocrx_word' id='word_1_217' title='bbox 264 1594 355 1627; x_wconf 90' lang='lat' dir='ltr'>nicht</span> <span class='ocrx_word' id='word_1_218' title='bbox 369 1604 409 1626; x_wconf 90' lang='lat' dir='ltr'>zu</span> <span class='ocrx_word' id='word_1_219' title='bbox 424 1595 552 1626; x_wconf 64' lang='lat' dir='ltr'>dextra</span> <span class='ocrx_word' id='word_1_220' title='bbox 571 1595 779 1637; x_wconf 70' lang='lat' dir='ltr'>gehfirender</span> 
     </span>
     <span class='ocr_line' id='line_1_32' title="bbox 101 1639 777 1682; baseline 0.001 -10"><span class='ocrx_word' id='word_1_221' title='bbox 101 1639 221 1678; x_wconf 83' lang='lat' dir='ltr'>Genit.,</span> <span class='ocrx_word' id='word_1_222' title='bbox 246 1650 274 1673; x_wconf 89' lang='lat' dir='ltr'>s.</span> <span class='ocrx_word' id='word_1_223' title='bbox 302 1650 328 1672; x_wconf 94' lang='lat' dir='ltr'>c.</span> <span class='ocrx_word' id='word_1_224' title='bbox 343 1642 424 1679; x_wconf 86' lang='grc'><strong>9,4;</strong></span> <span class='ocrx_word' id='word_1_225' title='bbox 452 1641 574 1681; x_wconf 76' lang='lat'>28,17,</span> <span class='ocrx_word' id='word_1_226' title='bbox 590 1642 629 1682; x_wconf 89' lang='grc'>9;</span> <span class='ocrx_word' id='word_1_227' title='bbox 656 1642 709 1680; x_wconf 87' lang='grc'><strong>32,</strong></span> <span class='ocrx_word' id='word_1_228' title='bbox 724 1642 777 1680; x_wconf 83' lang='grc'><strong>24,</strong></span> 
     </span>
     <span class='ocr_line' id='line_1_33' title="bbox 102 1685 777 1725; baseline 0.001 -7"><span class='ocrx_word' id='word_1_229' title='bbox 102 1687 139 1718; x_wconf 82' lang='lat'>7:</span> <span class='ocrx_word' id='word_1_230' title='bbox 170 1685 240 1724; x_wconf 82' lang='lat' dir='ltr'>fide</span> <span class='ocrx_word' id='word_1_231' title='bbox 272 1687 308 1716; x_wconf 82' lang='lat' dir='ltr'>in</span> <span class='ocrx_word' id='word_1_232' title='bbox 342 1686 427 1716; x_wconf 80' lang='lat' dir='ltr'>haec</span> <span class='ocrx_word' id='word_1_233' title='bbox 461 1685 545 1716; x_wconf 79' lang='lat' dir='ltr'>data</span> <span class='ocrx_word' id='word_1_234' title='bbox 570 1696 596 1719; x_wconf 83' lang='lat' dir='ltr'>s.</span> <span class='ocrx_word' id='word_1_235' title='bbox 624 1688 655 1723; x_wconf 79' lang='lat'>9,</span> <span class='ocrx_word' id='word_1_236' title='bbox 681 1688 712 1725; x_wconf 87' lang='grc'>9,</span> <span class='ocrx_word' id='word_1_237' title='bbox 738 1687 777 1718; x_wconf 79' lang='lat'>7:</span> 
     </span>
     <span class='ocr_line' id='line_1_34' title="bbox 99 1730 779 1773; baseline 0 -11"><span class='ocrx_word' id='word_1_238' title='bbox 99 1731 252 1773; x_wconf 77' lang='lat' dir='ltr'>populu-s·</span> <span class='ocrx_word' id='word_1_239' title='bbox 267 1732 304 1761; x_wconf 79' lang='lat' dir='ltr'>in</span> <span class='ocrx_word' id='word_1_240' title='bbox 319 1732 436 1762; x_wconf 76' lang='lat' dir='ltr'>omnia</span> <span class='ocrx_word' id='word_1_241' title='bbox 452 1730 779 1773; x_wconf 75' lang='lat' dir='ltr'>(obh&#39;gari)potest;</span> 
     </span>
     <span class='ocr_line' id='line_1_35' title="bbox 102 1774 778 1809; baseline -0.003 0"><span class='ocrx_word' id='word_1_242' title='bbox 102 1775 195 1809; x_wconf 78' lang='lat' dir='ltr'>Suet</span> <span class='ocrx_word' id='word_1_243' title='bbox 228 1774 300 1808; x_wconf 85' lang='lat' dir='ltr'>Tib.</span> <span class='ocrx_word' id='word_1_244' title='bbox 328 1777 388 1809; x_wconf 77' lang='lat'>67:</span> <span class='ocrx_word' id='word_1_245' title='bbox 425 1786 468 1807; x_wconf 84' lang='lat' dir='ltr'>ne</span> <span class='ocrx_word' id='word_1_246' title='bbox 499 1786 534 1806; x_wconf 81' lang='lat' dir='ltr'>se</span> <span class='ocrx_word' id='word_1_247' title='bbox 565 1780 708 1808; x_wconf 78' lang='lat' dir='ltr'>senatus</span> <span class='ocrx_word' id='word_1_248' title='bbox 741 1779 778 1807; x_wconf 82' lang='lat' dir='ltr'>in</span> 
     </span>
     <span class='ocr_line' id='line_1_36' title="bbox 103 1821 778 1862; baseline 0 -10"><span class='ocrx_word' id='word_1_249' title='bbox 103 1824 184 1852; x_wconf 86' lang='lat' dir='ltr'>acta</span> <span class='ocrx_word' id='word_1_250' title='bbox 216 1822 421 1862; x_wconf 77' lang='lat' dir='ltr'>cuiusquam</span> <span class='ocrx_word' id='word_1_251' title='bbox 455 1821 639 1861; x_wconf 77' lang='lat' dir='ltr'>obligaret.</span> <span class='ocrx_word' id='word_1_252' title='bbox 689 1821 778 1854; x_wconf 90' lang='lat' dir='ltr'>Ganz</span> 
     </span>
     <span class='ocr_line' id='line_1_37' title="bbox 101 1865 778 1899; baseline 0.003 -2"><span class='ocrx_word' id='word_1_253' title='bbox 101 1865 220 1898; x_wconf 80' lang='lat' dir='ltr'>andei-s</span> <span class='ocrx_word' id='word_1_254' title='bbox 245 1865 337 1898; x_wconf 86' lang='lat' dir='ltr'>stellt</span> <span class='ocrx_word' id='word_1_255' title='bbox 361 1865 479 1898; x_wconf 88' lang='lat' dir='ltr'>Zonar.</span> <span class='ocrx_word' id='word_1_256' title='bbox 506 1866 558 1899; x_wconf 87' lang='lat' dir='ltr'>die</span> <span class='ocrx_word' id='word_1_257' title='bbox 573 1866 678 1899; x_wconf 87' lang='lat' dir='ltr'>Scene</span> <span class='ocrx_word' id='word_1_258' title='bbox 704 1866 778 1899; x_wconf 88' lang='lat' dir='ltr'>dar:</span> 
     </span>
     <span class='ocr_line' id='line_1_38' title="bbox 102 1906 779 1963; baseline 0.001 -20"><span class='ocrx_word' id='word_1_259' title='bbox 102 1911 145 1952; x_wconf 74' lang='grc' dir='ltr'>ἠν</span> <span class='ocrx_word' id='word_1_260' title='bbox 172 1906 206 1943; x_wconf 84' lang='grc' dir='ltr'><em>δ</em></span> <span class='ocrx_word' id='word_1_261' title='bbox 236 1911 308 1943; x_wconf 83' lang='grc' dir='ltr'><strong><em>ἐκεῖ</em></strong></span> <span class='ocrx_word' id='word_1_262' title='bbox 329 1913 388 1942; x_wconf 79' lang='grc' dir='ltr'>καὶ</span> <span class='ocrx_word' id='word_1_263' title='bbox 406 1906 619 1963; x_wconf 74' lang='grc' dir='ltr'><em>ἦΣοφωνίς.</em></span> <span class='ocrx_word' id='word_1_264' title='bbox 643 1914 743 1944; x_wconf 86' lang='grc' dir='ltr'><em>καὶ-</em></span> <span class='ocrx_word' id='word_1_265' title='bbox 761 1907 779 1943; x_wconf 80' lang='grc' dir='ltr'>ὁ</span> 
     </span>
     <span class='ocr_line' id='line_1_39' title="bbox 103 1953 780 1998; baseline 0.001 -11"><span class='ocrx_word' id='word_1_266' title='bbox 103 1958 332 1988; x_wconf 77' lang='grc' dir='ltr'><strong><em>Μασινίσσας</em></strong></span> <span class='ocrx_word' id='word_1_267' title='bbox 349 1953 458 1988; x_wconf 72' lang='grc' dir='ltr'><em>εὐθυς</em></span> <span class='ocrx_word' id='word_1_268' title='bbox 475 1957 599 1998; x_wconf 77' lang='grc' dir='ltr'><em>εἰσεπι</em></span> <span class='ocrx_word' id='word_1_269' title='bbox 589 1953 698 1996; x_wconf 77' lang='grc' dir='ltr'><strong>’δνσε,</strong></span> <span class='ocrx_word' id='word_1_270' title='bbox 720 1959 780 1988; x_wconf 79' lang='grc' dir='ltr'>καὶ</span> 
     </span>
     <span class='ocr_line' id='line_1_40' title="bbox 103 1998 780 2050; baseline 0 -16"><span class='ocrx_word' id='word_1_271' title='bbox 103 1998 314 2050; x_wconf 75' lang='grc' dir='ltr'><strong><em>περιλαβὼν</em></strong></span> <span class='ocrx_word' id='word_1_272' title='bbox 339 1998 467 2042; x_wconf 74' lang='grc' dir='ltr'><em>αὐτὴν</em></span> <span class='ocrx_word' id='word_1_273' title='bbox 502 2002 592 2042; x_wconf 76' lang='grc' dir='ltr'><strong><em>..ἔχω</em></strong></span> <span class='ocrx_word' id='word_1_274' title='bbox 622 2003 689 2045; x_wconf 81' lang='grc' dir='ltr'>ιιὲν</span> <span class='ocrx_word' id='word_1_275' title='bbox 714 2000 780 2034; x_wconf 84' lang='grc' dir='ltr'>Σά-</span> 
     </span>
     <span class='ocr_line' id='line_1_41' title="bbox 104 2043 779 2100; baseline 0.003 -23"><span class='ocrx_word' id='word_1_276' title='bbox 104 2050 220 2089; x_wconf 61' lang='lat' dir='ltr'>Paua*</span> <span class='ocrx_word' id='word_1_277' title='bbox 249 2044 336 2085; x_wconf 70' lang='grc' dir='ltr'><strong>εἶπε,</strong></span> <span class='ocrx_word' id='word_1_278' title='bbox 360 2059 426 2078; x_wconf 69' lang='grc' dir='ltr'>τον</span> <span class='ocrx_word' id='word_1_279' title='bbox 441 2043 710 2100; x_wconf 72' lang='grc' dir='ltr'><em>αφαθπάσαντά</em></span> <span class='ocrx_word' id='word_1_280' title='bbox 729 2057 779 2087; x_wconf 74' lang='grc' dir='ltr'><strong>σε,</strong></span> 
     </span>
     <span class='ocr_line' id='line_1_42' title="bbox 103 2079 779 2135; baseline 0.003 -13"><span class='ocrx_word' id='word_1_281' title='bbox 103 2091 173 2131; x_wconf 80' lang='grc' dir='ltr'>ἔχω</span> <span class='ocrx_word' id='word_1_282' title='bbox 206 2086 245 2122; x_wconf 80' lang='grc' dir='ltr'>δὲ</span> <span class='ocrx_word' id='word_1_283' title='bbox 269 2092 328 2122; x_wconf 84' lang='grc' dir='ltr'>καὶ</span> <span class='ocrx_word' id='word_1_284' title='bbox 353 2093 401 2123; x_wconf 78' lang='grc' dir='ltr'><strong>σε’.</strong></span> <span class='ocrx_word' id='word_1_285' title='bbox 441 2079 531 2124; x_wconf 73' lang='grc' dir='ltr'>ἀλλὰ</span> <span class='ocrx_word' id='word_1_286' title='bbox 563 2090 613 2135; x_wconf 82' lang='grc' dir='ltr'>μὴ</span> <span class='ocrx_word' id='word_1_287' title='bbox 645 2088 779 2124; x_wconf 72' lang='grc' dir='ltr'>ὃεὸιθι·</span> 
     </span>
     <span class='ocr_line' id='line_1_43' title="bbox 104 2132 781 2183; baseline -0.001 -14"><span class='ocrx_word' id='word_1_288' title='bbox 104 2133 187 2169; x_wconf 77' lang='grc' dir='ltr'><em>οὐδε</em></span> <span class='ocrx_word' id='word_1_289' title='bbox 209 2133 276 2180; x_wconf 78' lang='grc' dir='ltr'>γὰρ</span> <span class='ocrx_word' id='word_1_290' title='bbox 302 2132 523 2178; x_wconf 78' lang='grc' dir='ltr'><em>αἰχμάλωτος</em></span> <span class='ocrx_word' id='word_1_291' title='bbox 538 2148 695 2183; x_wconf 68' lang='grc' dir='ltr'><strong>γεγονας,</strong></span> <span class='ocrx_word' id='word_1_292' title='bbox 721 2138 781 2179; x_wconf 81' lang='grc' dir='ltr'>ἐμὲ</span> 
     </span>
     <span class='ocr_line' id='line_1_44' title="bbox 104 2180 454 2224; baseline -0.003 -10"><span class='ocrx_word' id='word_1_293' title='bbox 104 2192 294 2224; x_wconf 82' lang='grc' dir='ltr'><strong><em>συμμαχον</em></strong></span> <span class='ocrx_word' id='word_1_294' title='bbox 318 2180 454 2221; x_wconf 80' lang='grc' dir='ltr'><strong><em>ἔχουσα.</em></strong></span> 
     </span>
    </p>

    <p class='ocr_par' dir='ltr' id='par_1_12' title="bbox 104 2227 784 2583">
     <span class='ocr_line' id='line_1_45' title="bbox 153 2227 781 2268; baseline 0.002 -9"><span class='ocrx_word' id='word_1_295' title='bbox 153 2228 226 2259; x_wconf 85' lang='grc'>19-</span> <span class='ocrx_word' id='word_1_296' title='bbox 242 2227 294 2258; x_wconf 88' lang='grc'>20.</span> <span class='ocrx_word' id='word_1_297' title='bbox 321 2228 451 2258; x_wconf 80' lang='lat' dir='ltr'>institit</span> <span class='ocrx_word' id='word_1_298' title='bbox 476 2245 503 2250; x_wconf 84' lang='lat'>—-</span> <span class='ocrx_word' id='word_1_299' title='bbox 529 2237 617 2268; x_wconf 87' lang='lat' dir='ltr'>rep,</span> <span class='ocrx_word' id='word_1_300' title='bbox 649 2228 702 2268; x_wconf 84' lang='lat'>27,</span> <span class='ocrx_word' id='word_1_301' title='bbox 727 2228 781 2267; x_wconf 88' lang='grc'>46,</span> 
     </span>
     <span class='ocr_line' id='line_1_46' title="bbox 105 2270 780 2311; baseline -0.003 -6"><span class='ocrx_word' id='word_1_302' title='bbox 105 2273 142 2309; x_wconf 83' lang='grc'>8;</span> <span class='ocrx_word' id='word_1_303' title='bbox 169 2273 223 2311; x_wconf 90' lang='grc'>37,</span> <span class='ocrx_word' id='word_1_304' title='bbox 241 2272 295 2310; x_wconf 83' lang='grc'><strong>27,</strong></span> <span class='ocrx_word' id='word_1_305' title='bbox 314 2272 353 2308; x_wconf 79' lang='grc'>4;</span> <span class='ocrx_word' id='word_1_306' title='bbox 380 2270 433 2303; x_wconf 88' lang='lat' dir='ltr'>die</span> <span class='ocrx_word' id='word_1_307' title='bbox 459 2271 575 2305; x_wconf 88' lang='lat' dir='ltr'>Worte</span> <span class='ocrx_word' id='word_1_308' title='bbox 600 2271 712 2305; x_wconf 83' lang='lat' dir='ltr'>fehlen</span> <span class='ocrx_word' id='word_1_309' title='bbox 737 2272 780 2303; x_wconf 89' lang='lat' dir='ltr'>im</span> 
     </span>
     <span class='ocr_line' id='line_1_47' title="bbox 104 2316 783 2359; baseline -0.001 -10"><span class='ocrx_word' id='word_1_310' title='bbox 104 2316 180 2349; x_wconf 92' lang='lat' dir='ltr'>Put.</span> <span class='ocrx_word' id='word_1_311' title='bbox 208 2334 247 2339; x_wconf 97' lang='lat'><strong>—</strong></span> <span class='ocrx_word' id='word_1_312' title='bbox 275 2316 318 2347; x_wconf 85' lang='lat' dir='ltr'>ab</span> <span class='ocrx_word' id='word_1_313' title='bbox 344 2326 482 2357; x_wconf 81' lang='lat' dir='ltr'>amore,</span> <span class='ocrx_word' id='word_1_314' title='bbox 514 2316 652 2359; x_wconf 69' lang='lat' dir='ltr'>unsahig</span> <span class='ocrx_word' id='word_1_315' title='bbox 677 2316 783 2350; x_wconf 86' lang='lat' dir='ltr'>selbst</span> 
     </span>
     <span class='ocr_line' id='line_1_48' title="bbox 105 2360 783 2402; baseline 0 -8"><span class='ocrx_word' id='word_1_316' title='bbox 105 2361 200 2394; x_wconf 87' lang='lat' dir='ltr'>einen</span> <span class='ocrx_word' id='word_1_317' title='bbox 218 2360 400 2393; x_wconf 89' lang='lat' dir='ltr'>Beschluss</span> <span class='ocrx_word' id='word_1_318' title='bbox 425 2371 467 2393; x_wconf 94' lang='lat' dir='ltr'>zu</span> <span class='ocrx_word' id='word_1_319' title='bbox 493 2361 615 2402; x_wconf 87' lang='lat' dir='ltr'>sassen,</span> <span class='ocrx_word' id='word_1_320' title='bbox 640 2362 724 2395; x_wconf 72' lang='lat' dir='ltr'>lasst</span> <span class='ocrx_word' id='word_1_321' title='bbox 749 2372 783 2394; x_wconf 86' lang='lat' dir='ltr'>er</span> 
     </span>
     <span class='ocr_line' id='line_1_49' title="bbox 104 2405 783 2448; baseline 0 -9"><span class='ocrx_word' id='word_1_322' title='bbox 104 2406 212 2439; x_wconf 93' lang='lat' dir='ltr'>sich—</span> <span class='ocrx_word' id='word_1_323' title='bbox 224 2405 398 2448; x_wconf 84' lang='lat' dir='ltr'>eingeben.</span> <span class='ocrx_word' id='word_1_324' title='bbox 414 2424 456 2429; x_wconf 94' lang='lat'>——</span> <span class='ocrx_word' id='word_1_325' title='bbox 470 2407 665 2448; x_wconf 81' lang='lat' dir='ltr'>impudens,</span> <span class='ocrx_word' id='word_1_326' title='bbox 679 2406 783 2439; x_wconf 86' lang='lat' dir='ltr'>durch</span> 
     </span>
     <span class='ocr_line' id='line_1_50' title="bbox 105 2450 783 2485; baseline 0 -1"><span class='ocrx_word' id='word_1_327' title='bbox 105 2450 170 2484; x_wconf 86' lang='lat' dir='ltr'>den</span> <span class='ocrx_word' id='word_1_328' title='bbox 195 2460 229 2484; x_wconf 88' lang='lat' dir='ltr'>er</span> <span class='ocrx_word' id='word_1_329' title='bbox 253 2451 323 2483; x_wconf 89' lang='lat' dir='ltr'>sich</span> <span class='ocrx_word' id='word_1_330' title='bbox 349 2450 440 2484; x_wconf 83' lang='lat' dir='ltr'>srech</span> <span class='ocrx_word' id='word_1_331' title='bbox 466 2451 547 2483; x_wconf 75' lang='lat' dir='ltr'>fiber</span> <span class='ocrx_word' id='word_1_332' title='bbox 571 2451 630 2484; x_wconf 88' lang='lat' dir='ltr'>das</span> <span class='ocrx_word' id='word_1_333' title='bbox 645 2451 783 2485; x_wconf 87' lang='lat' dir='ltr'>Schick—</span> 
     </span>
     <span class='ocr_line' id='line_1_51' title="bbox 104 2494 784 2539; baseline 0.003 -12"><span class='ocrx_word' id='word_1_334' title='bbox 104 2494 192 2528; x_wconf 90' lang='lat' dir='ltr'>liche</span> <span class='ocrx_word' id='word_1_335' title='bbox 215 2496 358 2538; x_wconf 82' lang='lat' dir='ltr'>(pudor,</span> <span class='ocrx_word' id='word_1_336' title='bbox 383 2506 408 2529; x_wconf 92' lang='lat' dir='ltr'>s.</span> <span class='ocrx_word' id='word_1_337' title='bbox 425 2499 455 2536; x_wconf 83' lang='lat'>5,</span> <span class='ocrx_word' id='word_1_338' title='bbox 470 2498 525 2536; x_wconf 85' lang='lat'>46,</span> <span class='ocrx_word' id='word_1_339' title='bbox 538 2498 570 2536; x_wconf 87' lang='grc'>7)</span> <span class='ocrx_word' id='word_1_340' title='bbox 599 2499 784 2539; x_wconf 86' lang='lat' dir='ltr'>wegsetzte</span> 
     </span>
     <span class='ocr_line' id='line_1_52' title="bbox 104 2539 783 2583; baseline 0 -10"><span class='ocrx_word' id='word_1_341' title='bbox 104 2539 173 2573; x_wconf 90' lang='lat' dir='ltr'>und</span> <span class='ocrx_word' id='word_1_342' title='bbox 198 2540 289 2573; x_wconf 86' lang='lat' dir='ltr'>seine</span> <span class='ocrx_word' id='word_1_343' title='bbox 302 2541 427 2574; x_wconf 84' lang='lat' dir='ltr'>Wiirde</span> <span class='ocrx_word' id='word_1_344' title='bbox 450 2540 623 2575; x_wconf 86' lang='lat' dir='ltr'>verletzte.</span> <span class='ocrx_word' id='word_1_345' title='bbox 637 2561 679 2565; x_wconf 89' lang='lat'>—</span> <span class='ocrx_word' id='word_1_346' title='bbox 694 2552 783 2583; x_wconf 81' lang='lat' dir='ltr'>nup-</span> 
     </span>
    </p>
   </div>
   <div class='ocr_carea' id='block_1_11' title="bbox 847 962 1529 2581">
    <p class='ocr_par' dir='ltr' id='par_1_13' title="bbox 847 962 1529 2400">
     <span class='ocr_line' id='line_1_53' title="bbox 849 962 1524 1006; baseline 0.001 -12"><span class='ocrx_word' id='word_1_347' title='bbox 849 965 928 1002; x_wconf 69' lang='lat' dir='ltr'>tias,</span> <span class='ocrx_word' id='word_1_348' title='bbox 955 962 1168 996; x_wconf 74' lang='lat' dir='ltr'>erklarendes</span> <span class='ocrx_word' id='word_1_349' title='bbox 1193 963 1400 1006; x_wconf 84' lang='lat' dir='ltr'>Asyndeton.</span> <span class='ocrx_word' id='word_1_350' title='bbox 1419 983 1463 987; x_wconf 96' lang='lat'><strong>—</strong></span> <span class='ocrx_word' id='word_1_351' title='bbox 1481 974 1524 995; x_wconf 82' lang='lat' dir='ltr'>ne</span> 
     </span>
     <span class='ocr_line' id='line_1_54' title="bbox 848 1008 1523 1049; baseline 0.003 -10"><span class='ocrx_word' id='word_1_352' title='bbox 848 1027 875 1031; x_wconf 88' lang='lat'>—</span> <span class='ocrx_word' id='word_1_353' title='bbox 894 1008 1097 1049; x_wconf 59' lang='lat' dir='ltr'>relinquen,</span> <span class='ocrx_word' id='word_1_354' title='bbox 1122 1019 1176 1041; x_wconf 90' lang='lat' dir='ltr'>um</span> <span class='ocrx_word' id='word_1_355' title='bbox 1206 1008 1314 1041; x_wconf 74' lang='lat' dir='ltr'>nichts</span> <span class='ocrx_word' id='word_1_356' title='bbox 1339 1019 1397 1042; x_wconf 89' lang='lat' dir='ltr'>zur</span> <span class='ocrx_word' id='word_1_357' title='bbox 1421 1009 1523 1041; x_wconf 87' lang='lat' dir='ltr'>freien</span> 
     </span>
     <span class='ocr_line' id='line_1_55' title="bbox 847 1052 1524 1095; baseline 0.001 -10"><span class='ocrx_word' id='word_1_358' title='bbox 847 1052 1099 1095; x_wconf 83' lang='lat' dir='ltr'>Entscheidung</span> <span class='ocrx_word' id='word_1_359' title='bbox 1123 1073 1149 1077; x_wconf 96' lang='lat'><em>-</em></span> <span class='ocrx_word' id='word_1_360' title='bbox 1174 1064 1216 1086; x_wconf 91' lang='lat' dir='ltr'>zu</span> <span class='ocrx_word' id='word_1_361' title='bbox 1242 1053 1445 1094; x_wconf 81' lang='lat' dir='ltr'>iiberlassen,</span> <span class='ocrx_word' id='word_1_362' title='bbox 1477 1054 1524 1086; x_wconf 89' lang='lat' dir='ltr'>sie</span> 
     </span>
     <span class='ocr_line' id='line_1_56' title="bbox 848 1098 1524 1141; baseline 0 -11"><span class='ocrx_word' id='word_1_363' title='bbox 848 1098 951 1130; x_wconf 84' lang='lat' dir='ltr'>durch</span> <span class='ocrx_word' id='word_1_364' title='bbox 985 1098 1102 1131; x_wconf 88' lang='lat' dir='ltr'>rasche</span> <span class='ocrx_word' id='word_1_365' title='bbox 1135 1098 1222 1131; x_wconf 85' lang='lat' dir='ltr'>That</span> <span class='ocrx_word' id='word_1_366' title='bbox 1254 1098 1448 1141; x_wconf 69' lang='lat' dir='ltr'>unmoglich</span> <span class='ocrx_word' id='word_1_367' title='bbox 1482 1109 1524 1131; x_wconf 92' lang='lat' dir='ltr'>zu</span> 
     </span>
     <span class='ocr_line' id='line_1_57' title="bbox 847 1143 1525 1185; baseline 0 -10"><span class='ocrx_word' id='word_1_368' title='bbox 847 1143 998 1176; x_wconf 84' lang='lat' dir='ltr'>machen.</span> <span class='ocrx_word' id='word_1_369' title='bbox 1023 1162 1067 1167; x_wconf 98' lang='lat'><strong>—</strong></span> <span class='ocrx_word' id='word_1_370' title='bbox 1096 1145 1231 1185; x_wconf 74' lang='lat' dir='ltr'>integri</span> <span class='ocrx_word' id='word_1_371' title='bbox 1254 1162 1281 1167; x_wconf 86' lang='lat'><em>-</em></span> <span class='ocrx_word' id='word_1_372' title='bbox 1308 1144 1525 1181; x_wconf 79' lang='lat' dir='ltr'>consulendi,</span> 
     </span>
     <span class='ocr_line' id='line_1_58' title="bbox 850 1187 1524 1231; baseline 0.001 -11"><span class='ocrx_word' id='word_1_373' title='bbox 850 1187 914 1226; x_wconf 90' lang='lat' dir='ltr'>(die</span> <span class='ocrx_word' id='word_1_374' title='bbox 946 1187 1002 1231; x_wconf 81' lang='lat' dir='ltr'>Sp.</span> <span class='ocrx_word' id='word_1_375' title='bbox 1029 1188 1107 1221; x_wconf 90' lang='lat' dir='ltr'>Hds.</span> <span class='ocrx_word' id='word_1_376' title='bbox 1140 1189 1231 1221; x_wconf 88' lang='lat' dir='ltr'>hatte</span> <span class='ocrx_word' id='word_1_377' title='bbox 1264 1189 1524 1230; x_wconf 79' lang='lat' dir='ltr'>relinqueretur</span> 
     </span>
     <span class='ocr_line' id='line_1_59' title="bbox 848 1233 1522 1277; baseline 0.001 -12"><span class='ocrx_word' id='word_1_378' title='bbox 848 1237 1040 1277; x_wconf 63' lang='lat' dir='ltr'>integrum)</span> <span class='ocrx_word' id='word_1_379' title='bbox 1055 1233 1128 1266; x_wconf 87' lang='lat' dir='ltr'>eine</span> <span class='ocrx_word' id='word_1_380' title='bbox 1143 1233 1425 1276; x_wconf 69' lang='lat' dir='ltr'>ungewohnliche</span> <span class='ocrx_word' id='word_1_381' title='bbox 1437 1234 1522 1267; x_wconf 90' lang='lat' dir='ltr'>Con-</span> 
     </span>
     <span class='ocr_line' id='line_1_60' title="bbox 849 1278 1525 1318; baseline 0 -8"><span class='ocrx_word' id='word_1_382' title='bbox 849 1279 1030 1318; x_wconf 86' lang='lat' dir='ltr'>struction,</span> <span class='ocrx_word' id='word_1_383' title='bbox 1060 1278 1147 1310; x_wconf 92' lang='lat' dir='ltr'>denn</span> <span class='ocrx_word' id='word_1_384' title='bbox 1173 1279 1213 1311; x_wconf 87' lang='lat' dir='ltr'>da</span> <span class='ocrx_word' id='word_1_385' title='bbox 1239 1288 1315 1310; x_wconf 86' lang='lat' dir='ltr'>man</span> <span class='ocrx_word' id='word_1_386' title='bbox 1341 1279 1408 1311; x_wconf 87' lang='lat' dir='ltr'>wol</span> <span class='ocrx_word' id='word_1_387' title='bbox 1434 1279 1525 1311; x_wconf 90' lang='lat' dir='ltr'>nicht</span> 
     </span>
     <span class='ocr_line' id='line_1_61' title="bbox 848 1324 1524 1366; baseline -0.001 -10"><span class='ocrx_word' id='word_1_388' title='bbox 848 1327 941 1366; x_wconf 83' lang='lat' dir='ltr'>sagt:</span> <span class='ocrx_word' id='word_1_389' title='bbox 968 1326 1147 1365; x_wconf 78' lang='lat' dir='ltr'>integrum</span> <span class='ocrx_word' id='word_1_390' title='bbox 1164 1324 1301 1365; x_wconf 76' lang='lat' dir='ltr'>aliquid</span> <span class='ocrx_word' id='word_1_391' title='bbox 1322 1325 1358 1355; x_wconf 80' lang='lat' dir='ltr'>in</span> <span class='ocrx_word' id='word_1_392' title='bbox 1372 1324 1524 1366; x_wconf 76' lang='lat' dir='ltr'>aliquem</span> 
     </span>
     <span class='ocr_line' id='line_1_62' title="bbox 850 1368 1526 1409; baseline 0 -8"><span class='ocrx_word' id='word_1_393' title='bbox 850 1369 1041 1409; x_wconf 76' lang='lat' dir='ltr'>consulere,</span> <span class='ocrx_word' id='word_1_394' title='bbox 1060 1379 1097 1401; x_wconf 84' lang='lat' dir='ltr'>so</span> <span class='ocrx_word' id='word_1_395' title='bbox 1112 1368 1199 1401; x_wconf 87' lang='lat' dir='ltr'>kann</span> <span class='ocrx_word' id='word_1_396' title='bbox 1215 1369 1421 1401; x_wconf 74' lang='lat' dir='ltr'>consulendi</span> <span class='ocrx_word' id='word_1_397' title='bbox 1434 1369 1526 1401; x_wconf 85' lang='lat' dir='ltr'>nicht</span> 
     </span>
     <span class='ocr_line' id='line_1_63' title="bbox 849 1413 1526 1457; baseline 0.001 -12"><span class='ocrx_word' id='word_1_398' title='bbox 849 1413 958 1456; x_wconf 83' lang='lat' dir='ltr'>gleich</span> <span class='ocrx_word' id='word_1_399' title='bbox 985 1415 1119 1455; x_wconf 79' lang='lat' dir='ltr'>integri</span> <span class='ocrx_word' id='word_1_400' title='bbox 1131 1424 1196 1446; x_wconf 74' lang='lat' dir='ltr'>von</span> <span class='ocrx_word' id='word_1_401' title='bbox 1219 1414 1306 1456; x_wconf 74' lang='lat' dir='ltr'>quid</span> <span class='ocrx_word' id='word_1_402' title='bbox 1319 1413 1526 1457; x_wconf 68' lang='lat' dir='ltr'>abhangiger</span> 
     </span>
     <span class='ocr_line' id='line_1_64' title="bbox 848 1459 1526 1501; baseline 0.001 -12"><span class='ocrx_word' id='word_1_403' title='bbox 848 1459 1022 1501; x_wconf 82' lang='lat' dir='ltr'>partitiver</span> <span class='ocrx_word' id='word_1_404' title='bbox 1047 1459 1155 1492; x_wconf 87' lang='lat' dir='ltr'>Genit.</span> <span class='ocrx_word' id='word_1_405' title='bbox 1183 1460 1273 1498; x_wconf 87' lang='lat' dir='ltr'>sein,</span> <span class='ocrx_word' id='word_1_406' title='bbox 1299 1459 1364 1491; x_wconf 91' lang='lat' dir='ltr'>wie</span> <span class='ocrx_word' id='word_1_407' title='bbox 1388 1459 1421 1492; x_wconf 90' lang='lat' dir='ltr'>in</span> <span class='ocrx_word' id='word_1_408' title='bbox 1457 1460 1526 1491; x_wconf 71' lang='lat' dir='ltr'>loci</span> 
     </span>
     <span class='ocr_line' id='line_1_65' title="bbox 848 1503 1524 1545; baseline 0.001 -10"><span class='ocrx_word' id='word_1_409' title='bbox 848 1504 940 1535; x_wconf 77' lang='lat' dir='ltr'>nihil</span> <span class='ocrx_word' id='word_1_410' title='bbox 952 1504 1069 1536; x_wconf 73' lang='lat' dir='ltr'>relicti</span> <span class='ocrx_word' id='word_1_411' title='bbox 1082 1508 1157 1536; x_wconf 84' lang='lat' dir='ltr'>erat</span> <span class='ocrx_word' id='word_1_412' title='bbox 1172 1506 1223 1544; x_wconf 87' lang='grc'>37,</span> <span class='ocrx_word' id='word_1_413' title='bbox 1239 1506 1291 1544; x_wconf 86' lang='grc'><strong>23,</strong></span> <span class='ocrx_word' id='word_1_414' title='bbox 1311 1506 1362 1545; x_wconf 87' lang='grc'>11,</span> <span class='ocrx_word' id='word_1_415' title='bbox 1379 1503 1524 1537; x_wconf 89' lang='lat' dir='ltr'>sondern</span> 
     </span>
     <span class='ocr_line' id='line_1_66' title="bbox 848 1548 1523 1591; baseline 0 -10"><span class='ocrx_word' id='word_1_416' title='bbox 848 1549 892 1582; x_wconf 89' lang='lat' dir='ltr'>ist</span> <span class='ocrx_word' id='word_1_417' title='bbox 916 1548 1018 1581; x_wconf 91' lang='lat' dir='ltr'>durch</span> <span class='ocrx_word' id='word_1_418' title='bbox 1044 1549 1106 1582; x_wconf 84' lang='lat' dir='ltr'>den</span> <span class='ocrx_word' id='word_1_419' title='bbox 1133 1549 1164 1581; x_wconf 92' lang='lat' dir='ltr'>in</span> <span class='ocrx_word' id='word_1_420' title='bbox 1190 1550 1283 1581; x_wconf 76' lang='lat' dir='ltr'>nihil</span> <span class='ocrx_word' id='word_1_421' title='bbox 1306 1551 1440 1591; x_wconf 76' lang='lat' dir='ltr'>integr-i</span> <span class='ocrx_word' id='word_1_422' title='bbox 1471 1561 1523 1581; x_wconf 84' lang='lat' dir='ltr'>re-</span> 
     </span>
     <span class='ocr_line' id='line_1_67' title="bbox 849 1594 1524 1637; baseline 0.001 -12"><span class='ocrx_word' id='word_1_423' title='bbox 849 1595 1026 1636; x_wconf 77' lang='lat' dir='ltr'>linqueret</span> <span class='ocrx_word' id='word_1_424' title='bbox 1048 1594 1225 1636; x_wconf 86' lang='lat' dir='ltr'>liegenden</span> <span class='ocrx_word' id='word_1_425' title='bbox 1239 1594 1382 1637; x_wconf 83' lang='lat' dir='ltr'>Begriff:</span> <span class='ocrx_word' id='word_1_426' title='bbox 1408 1605 1452 1626; x_wconf 83' lang='lat' dir='ltr'>ne</span> <span class='ocrx_word' id='word_1_427' title='bbox 1463 1605 1524 1636; x_wconf 89' lang='lat' dir='ltr'>po-</span> 
     </span>
     <span class='ocr_line' id='line_1_68' title="bbox 850 1639 1525 1672; baseline -0.001 -1"><span class='ocrx_word' id='word_1_428' title='bbox 850 1643 954 1671; x_wconf 80' lang='lat' dir='ltr'>testas</span> <span class='ocrx_word' id='word_1_429' title='bbox 981 1644 1066 1671; x_wconf 78' lang='lat' dir='ltr'>esset</span> <span class='ocrx_word' id='word_1_430' title='bbox 1091 1639 1278 1672; x_wconf 83' lang='lat' dir='ltr'>veranlasst</span> <span class='ocrx_word' id='word_1_431' title='bbox 1301 1639 1369 1672; x_wconf 91' lang='lat' dir='ltr'>und</span> <span class='ocrx_word' id='word_1_432' title='bbox 1384 1639 1441 1671; x_wconf 85' lang='lat' dir='ltr'>hat</span> <span class='ocrx_word' id='word_1_433' title='bbox 1454 1639 1525 1672; x_wconf 84' lang='lat' dir='ltr'>sich</span> 
     </span>
     <span class='ocr_line' id='line_1_69' title="bbox 849 1684 1525 1727; baseline 0.001 -11"><span class='ocrx_word' id='word_1_434' title='bbox 849 1684 1525 1727; x_wconf 79' lang='lat' dir='ltr'>grammatischstatteinesNebensatzes,</span> 
     </span>
     <span class='ocr_line' id='line_1_70' title="bbox 849 1729 1526 1772; baseline 0.001 -12"><span class='ocrx_word' id='word_1_435' title='bbox 849 1729 917 1772; x_wconf 83' lang='lat' dir='ltr'>vgl.</span> <span class='ocrx_word' id='word_1_436' title='bbox 945 1731 998 1769; x_wconf 81' lang='lat'>32,</span> <span class='ocrx_word' id='word_1_437' title='bbox 1022 1732 1071 1771; x_wconf 88' lang='lat'>13,</span> <span class='ocrx_word' id='word_1_438' title='bbox 1091 1731 1127 1761; x_wconf 79' lang='lat'>7:</span> <span class='ocrx_word' id='word_1_439' title='bbox 1154 1740 1217 1761; x_wconf 84' lang='lat' dir='ltr'>nec</span> <span class='ocrx_word' id='word_1_440' title='bbox 1242 1729 1337 1771; x_wconf 82' lang='lat' dir='ltr'>quod</span> <span class='ocrx_word' id='word_1_441' title='bbox 1360 1730 1402 1761; x_wconf 78' lang='lat' dir='ltr'>ab</span> <span class='ocrx_word' id='word_1_442' title='bbox 1429 1730 1526 1761; x_wconf 76' lang='lat' dir='ltr'>hoste</span> 
     </span>
     <span class='ocr_line' id='line_1_71' title="bbox 849 1774 1525 1817; baseline 0 -11"><span class='ocrx_word' id='word_1_443' title='bbox 849 1774 1028 1807; x_wconf 77' lang='lat' dir='ltr'>crudelius</span> <span class='ocrx_word' id='word_1_444' title='bbox 1041 1777 1119 1817; x_wconf 79' lang='lat' dir='ltr'>pati</span> <span class='ocrx_word' id='word_1_445' title='bbox 1130 1778 1269 1816; x_wconf 80' lang='lat' dir='ltr'>possent</span> <span class='ocrx_word' id='word_1_446' title='bbox 1283 1775 1412 1816; x_wconf 78' lang='lat' dir='ltr'>reliqui</span> <span class='ocrx_word' id='word_1_447' title='bbox 1426 1774 1525 1816; x_wconf 84' lang='lat' dir='ltr'>quid-</span> 
     </span>
     <span class='ocr_line' id='line_1_72' title="bbox 849 1819 1525 1862; baseline 0.001 -11"><span class='ocrx_word' id='word_1_448' title='bbox 849 1830 954 1862; x_wconf 86' lang='lat' dir='ltr'>quam</span> <span class='ocrx_word' id='word_1_449' title='bbox 978 1819 1067 1861; x_wconf 79' lang='lat' dir='ltr'>fuz&#39;t,</span> <span class='ocrx_word' id='word_1_450' title='bbox 1102 1819 1151 1852; x_wconf 87' lang='lat' dir='ltr'>als</span> <span class='ocrx_word' id='word_1_451' title='bbox 1176 1819 1370 1862; x_wconf 82' lang='lat' dir='ltr'>Epexegese</span> <span class='ocrx_word' id='word_1_452' title='bbox 1405 1829 1445 1851; x_wconf 90' lang='lat' dir='ltr'>an</span> <span class='ocrx_word' id='word_1_453' title='bbox 1472 1822 1525 1851; x_wconf 77' lang='lat' dir='ltr'>in-</span> 
     </span>
     <span class='ocr_line' id='line_1_73' title="bbox 850 1864 1525 1907; baseline 0.001 -11"><span class='ocrx_word' id='word_1_454' title='bbox 850 1867 944 1907; x_wconf 80' lang='lat' dir='ltr'>tegri</span> <span class='ocrx_word' id='word_1_455' title='bbox 969 1865 1241 1907; x_wconf 83' lang='lat' dir='ltr'>angeschlossen,</span> <span class='ocrx_word' id='word_1_456' title='bbox 1267 1864 1401 1897; x_wconf 71' lang='lat' dir='ltr'>ahnlich</span> <span class='ocrx_word' id='word_1_457' title='bbox 1420 1866 1451 1905; x_wconf 89' lang='lat'>2,</span> <span class='ocrx_word' id='word_1_458' title='bbox 1470 1867 1525 1905; x_wconf 82' lang='grc'>47,</span> 
     </span>
     <span class='ocr_line' id='line_1_74' title="bbox 852 1910 1526 1952; baseline -0.003 -9"><span class='ocrx_word' id='word_1_459' title='bbox 852 1912 911 1944; x_wconf 88' lang='lat'>12:</span> <span class='ocrx_word' id='word_1_460' title='bbox 938 1912 1120 1942; x_wconf 84' lang='lat' dir='ltr'>immemor</span> <span class='ocrx_word' id='word_1_461' title='bbox 1144 1912 1239 1950; x_wconf 76' lang='lat' dir='ltr'>ez‘uS,</span> <span class='ocrx_word' id='word_1_462' title='bbox 1265 1910 1359 1952; x_wconf 84' lang='lat' dir='ltr'>quod</span> <span class='ocrx_word' id='word_1_463' title='bbox 1382 1928 1410 1934; x_wconf 94' lang='lat'><em>—</em></span> <span class='ocrx_word' id='word_1_464' title='bbox 1436 1911 1526 1942; x_wconf 81' lang='lat' dir='ltr'><em>inbi-</em></span> 
     </span>
     <span class='ocr_line' id='line_1_75' title="bbox 851 1955 1527 1997; baseline -0.001 -10"><span class='ocrx_word' id='word_1_465' title='bbox 851 1956 988 1995; x_wconf 82' lang='lat' dir='ltr'>berant,</span> <span class='ocrx_word' id='word_1_466' title='bbox 1013 1955 1271 1988; x_wconf 79' lang='lat' dir='ltr'>reconciliandi</span> <span class='ocrx_word' id='word_1_467' title='bbox 1296 1956 1431 1987; x_wconf 81' lang='lat' dir='ltr'>animos</span> <span class='ocrx_word' id='word_1_468' title='bbox 1454 1955 1527 1997; x_wconf 84' lang='lat' dir='ltr'>ple-</span> 
     </span>
     <span class='ocr_line' id='line_1_76' title="bbox 851 2000 1527 2043; baseline 0 -11"><span class='ocrx_word' id='word_1_469' title='bbox 851 2003 922 2041; x_wconf 82' lang='lat' dir='ltr'>b1&#39;s,</span> <span class='ocrx_word' id='word_1_470' title='bbox 959 2000 1029 2043; x_wconf 84' lang='lat' dir='ltr'>vgl.</span> <span class='ocrx_word' id='word_1_471' title='bbox 1060 2000 1214 2033; x_wconf 74' lang='lat' dir='ltr'>ahnliche</span> <span class='ocrx_word' id='word_1_472' title='bbox 1248 2000 1527 2033; x_wconf 85' lang='lat' dir='ltr'>Constructionen</span> 
     </span>
     <span class='ocr_line' id='line_1_77' title="bbox 851 2045 1525 2085; baseline -0.003 -7"><span class='ocrx_word' id='word_1_473' title='bbox 851 2046 904 2078; x_wconf 89' lang='lat' dir='ltr'>bei</span> <span class='ocrx_word' id='word_1_474' title='bbox 928 2045 1008 2078; x_wconf 86' lang='lat' dir='ltr'>Tac.</span> <span class='ocrx_word' id='word_1_475' title='bbox 1034 2046 1118 2078; x_wconf 80' lang='lat' dir='ltr'>Ann.</span> <span class='ocrx_word' id='word_1_476' title='bbox 1141 2048 1192 2085; x_wconf 83' lang='lat'>15,</span> <span class='ocrx_word' id='word_1_477' title='bbox 1210 2048 1246 2083; x_wconf 80' lang='lat'>5;</span> <span class='ocrx_word' id='word_1_478' title='bbox 1278 2047 1327 2084; x_wconf 86' lang='lat'>13,</span> <span class='ocrx_word' id='word_1_479' title='bbox 1343 2046 1456 2078; x_wconf 84' lang='lat'>26.—</span> <span class='ocrx_word' id='word_1_480' title='bbox 1474 2055 1525 2076; x_wconf 84' lang='lat' dir='ltr'>ve-</span> 
     </span>
     <span class='ocr_line' id='line_1_78' title="bbox 851 2089 1526 2132; baseline -0.001 -10"><span class='ocrx_word' id='word_1_481' title='bbox 851 2091 905 2123; x_wconf 81' lang='lat' dir='ltr'>lut</span> <span class='ocrx_word' id='word_1_482' title='bbox 928 2093 966 2122; x_wconf 74' lang='lat' dir='ltr'>in</span> <span class='ocrx_word' id='word_1_483' title='bbox 984 2094 1076 2132; x_wconf 77' lang='lat' dir='ltr'>capt.</span> <span class='ocrx_word' id='word_1_484' title='bbox 1102 2090 1234 2123; x_wconf 87' lang='lat' dir='ltr'>vertritt</span> <span class='ocrx_word' id='word_1_485' title='bbox 1250 2089 1313 2122; x_wconf 83' lang='lat' dir='ltr'>den</span> <span class='ocrx_word' id='word_1_486' title='bbox 1333 2089 1526 2122; x_wconf 81' lang='lat' dir='ltr'>Adverbial-</span> 
     </span>
     <span class='ocr_line' id='line_1_79' title="bbox 850 2134 1526 2178; baseline -0.001 -11"><span class='ocrx_word' id='word_1_487' title='bbox 850 2135 980 2178; x_wconf 82' lang='lat' dir='ltr'>begriff,</span> <span class='ocrx_word' id='word_1_488' title='bbox 1005 2135 1062 2167; x_wconf 87' lang='lat' dir='ltr'>der</span> <span class='ocrx_word' id='word_1_489' title='bbox 1087 2138 1182 2168; x_wconf 91' lang='lat' dir='ltr'>sonst</span> <span class='ocrx_word' id='word_1_490' title='bbox 1207 2134 1259 2167; x_wconf 87' lang='lat' dir='ltr'>bei</span> <span class='ocrx_word' id='word_1_491' title='bbox 1282 2135 1464 2167; x_wconf 76' lang='lat' dir='ltr'>consulere</span> <span class='ocrx_word' id='word_1_492' title='bbox 1489 2137 1526 2166; x_wconf 85' lang='lat' dir='ltr'>in</span> 
     </span>
     <span class='ocr_line' id='line_1_80' title="bbox 851 2179 1525 2222; baseline 0.001 -10"><span class='ocrx_word' id='word_1_493' title='bbox 851 2181 1006 2222; x_wconf 82' lang='lat' dir='ltr'>aliquem</span> <span class='ocrx_word' id='word_1_494' title='bbox 1031 2180 1101 2213; x_wconf 87' lang='lat' dir='ltr'>sich</span> <span class='ocrx_word' id='word_1_495' title='bbox 1126 2179 1242 2220; x_wconf 87' lang='lat' dir='ltr'>findet,</span> <span class='ocrx_word' id='word_1_496' title='bbox 1268 2190 1294 2212; x_wconf 88' lang='lat' dir='ltr'>s.</span> <span class='ocrx_word' id='word_1_497' title='bbox 1321 2182 1351 2217; x_wconf 87' lang='lat'>3,</span> <span class='ocrx_word' id='word_1_498' title='bbox 1371 2181 1525 2220; x_wconf 84' lang='lat'>36,·1;8‚</span> 
     </span>
     <span class='ocr_line' id='line_1_81' title="bbox 854 2224 1527 2267; baseline -0.001 -9"><span class='ocrx_word' id='word_1_499' title='bbox 854 2228 905 2266; x_wconf 89' lang='lat'>13,</span> <span class='ocrx_word' id='word_1_500' title='bbox 935 2228 991 2262; x_wconf 86' lang='lat'>15;</span> <span class='ocrx_word' id='word_1_501' title='bbox 1017 2228 1071 2265; x_wconf 78' lang='grc'><strong>45,</strong></span> <span class='ocrx_word' id='word_1_502' title='bbox 1098 2226 1129 2267; x_wconf 84' lang='grc'>8,</span> <span class='ocrx_word' id='word_1_503' title='bbox 1153 2227 1184 2259; x_wconf 87' lang='grc'>6.</span> <span class='ocrx_word' id='word_1_504' title='bbox 1233 2224 1295 2257; x_wconf 89' lang='lat' dir='ltr'>Der</span> <span class='ocrx_word' id='word_1_505' title='bbox 1320 2224 1396 2258; x_wconf 85' lang='lat' dir='ltr'>Satz</span> <span class='ocrx_word' id='word_1_506' title='bbox 1422 2224 1527 2257; x_wconf 87' lang='lat' dir='ltr'>selbst</span> 
     </span>
     <span class='ocr_line' id='line_1_82' title="bbox 850 2270 1529 2312; baseline -0.001 -10"><span class='ocrx_word' id='word_1_507' title='bbox 850 2270 895 2303; x_wconf 87' lang='lat' dir='ltr'>ist</span> <span class='ocrx_word' id='word_1_508' title='bbox 927 2270 1102 2304; x_wconf 75' lang='lat' dir='ltr'>verkiirzt:</span> <span class='ocrx_word' id='word_1_509' title='bbox 1142 2270 1237 2302; x_wconf 77' lang='lat' dir='ltr'>velut</span> <span class='ocrx_word' id='word_1_510' title='bbox 1270 2272 1306 2301; x_wconf 78' lang='lat' dir='ltr'>in</span> <span class='ocrx_word' id='word_1_511' title='bbox 1338 2271 1529 2312; x_wconf 83' lang='lat' dir='ltr'>captivam,</span> 
     </span>
     <span class='ocr_line' id='line_1_83' title="bbox 852 2315 1525 2358; baseline -0.003 -10"><span class='ocrx_word' id='word_1_512' title='bbox 852 2326 942 2357; x_wconf 84' lang='lat' dir='ltr'>quae</span> <span class='ocrx_word' id='word_1_513' title='bbox 967 2319 1036 2347; x_wconf 81' lang='lat' dir='ltr'>iam</span> <span class='ocrx_word' id='word_1_514' title='bbox 1061 2326 1132 2347; x_wconf 82' lang='lat' dir='ltr'>non</span> <span class='ocrx_word' id='word_1_515' title='bbox 1149 2316 1288 2358; x_wconf 77' lang='lat' dir='ltr'>captiva</span> <span class='ocrx_word' id='word_1_516' title='bbox 1300 2315 1362 2347; x_wconf 82' lang='lat' dir='ltr'>sed</span> <span class='ocrx_word' id='word_1_517' title='bbox 1375 2333 1398 2337; x_wconf 96' lang='lat'>—</span> <span class='ocrx_word' id='word_1_518' title='bbox 1414 2318 1525 2357; x_wconf 83' lang='lat' dir='ltr'>nupta</span> 
     </span>
     <span class='ocr_line' id='line_1_84' title="bbox 851 2361 956 2400; baseline 0 -6"><span class='ocrx_word' id='word_1_519' title='bbox 851 2361 956 2400; x_wconf 75' lang='lat' dir='ltr'>soret.</span> 
     </span>
    </p>

    <p class='ocr_par' dir='ltr' id='par_1_14' title="bbox 853 2404 1528 2581">
     <span class='ocr_line' id='line_1_85' title="bbox 897 2404 1527 2442; baseline -0.006 -2"><span class='ocrx_word' id='word_1_520' title='bbox 897 2407 1043 2439; x_wconf 85' lang='lat'>21—22.</span> <span class='ocrx_word' id='word_1_521' title='bbox 1063 2409 1139 2438; x_wconf 78' lang='lat' dir='ltr'>toro</span> <span class='ocrx_word' id='word_1_522' title='bbox 1159 2404 1239 2438; x_wconf 80' lang='lat' dir='ltr'>fehlt</span> <span class='ocrx_word' id='word_1_523' title='bbox 1257 2405 1301 2436; x_wconf 89' lang='lat' dir='ltr'>im</span> <span class='ocrx_word' id='word_1_524' title='bbox 1315 2404 1407 2442; x_wconf 87' lang='lat' dir='ltr'>Put.;</span> <span class='ocrx_word' id='word_1_525' title='bbox 1435 2414 1470 2437; x_wconf 90' lang='lat' dir='ltr'>es</span> <span class='ocrx_word' id='word_1_526' title='bbox 1485 2404 1527 2437; x_wconf 85' lang='lat' dir='ltr'>ist</span> 
     </span>
     <span class='ocr_line' id='line_1_86' title="bbox 854 2449 1528 2490; baseline -0.004 -6"><span class='ocrx_word' id='word_1_527' title='bbox 854 2451 918 2484; x_wconf 88' lang='lat' dir='ltr'>wie</span> <span class='ocrx_word' id='word_1_528' title='bbox 931 2451 1036 2484; x_wconf 80' lang='lat' dir='ltr'>vieles</span> <span class='ocrx_word' id='word_1_529' title='bbox 1050 2450 1181 2483; x_wconf 85' lang='lat' dir='ltr'>Andere</span> <span class='ocrx_word' id='word_1_530' title='bbox 1195 2449 1246 2482; x_wconf 84' lang='lat' dir='ltr'>bei</span> <span class='ocrx_word' id='word_1_531' title='bbox 1261 2449 1307 2490; x_wconf 93' lang='lat' dir='ltr'>L.,</span> <span class='ocrx_word' id='word_1_532' title='bbox 1321 2452 1417 2482; x_wconf 88' lang='lat' dir='ltr'>sonst</span> <span class='ocrx_word' id='word_1_533' title='bbox 1434 2449 1528 2482; x_wconf 88' lang='lat' dir='ltr'>mehr</span> 
     </span>
     <span class='ocr_line' id='line_1_87' title="bbox 853 2494 1526 2531; baseline -0.001 -3"><span class='ocrx_word' id='word_1_534' title='bbox 853 2495 1069 2531; x_wconf 84' lang='lat' dir='ltr'>dichterisch;</span> <span class='ocrx_word' id='word_1_535' title='bbox 1105 2494 1303 2528; x_wconf 87' lang='lat' dir='ltr'>schwerlich</span> <span class='ocrx_word' id='word_1_536' title='bbox 1335 2494 1414 2527; x_wconf 87' lang='lat' dir='ltr'>aber</span> <span class='ocrx_word' id='word_1_537' title='bbox 1437 2494 1526 2527; x_wconf 85' lang='lat' dir='ltr'>kann</span> 
     </span>
     <span class='ocr_line' id='line_1_88' title="bbox 855 2539 1527 2581; baseline -0.001 -8"><span class='ocrx_word' id='word_1_538' title='bbox 855 2541 906 2573; x_wconf 85' lang='lat' dir='ltr'>ein</span> <span class='ocrx_word' id='word_1_539' title='bbox 917 2540 1089 2574; x_wconf 87' lang='lat' dir='ltr'>Substant.</span> <span class='ocrx_word' id='word_1_540' title='bbox 1100 2539 1222 2581; x_wconf 83' lang='lat' dir='ltr'>sehlen,</span> <span class='ocrx_word' id='word_1_541' title='bbox 1242 2550 1338 2573; x_wconf 92' lang='lat' dir='ltr'>wenn</span> <span class='ocrx_word' id='word_1_542' title='bbox 1356 2540 1426 2573; x_wconf 91' lang='lat' dir='ltr'>sich</span> <span class='ocrx_word' id='word_1_543' title='bbox 1443 2539 1527 2573; x_wconf 86' lang='lat' dir='ltr'>auch</span> 
     </span>
    </p>
   </div>
  </div>
 </body>
</html>
