1732 2840
513 83 636 117 LIBER
661 83 806 116 xxvnt.
855 83 948 117 GAP.
973 85 1026 117 36.

60 103 87 124 ι.
108 96 159 124 cn.
179 97 238 123 206.
1407 81 1488 120 215

61 207 99 241 et
119 212 140 239 a
161 199 394 250 Carthagine
416 198 583 250 pecunia
599 197 755 249 Magoni
777 198 934 236 advecta
957 203 1028 244 est,
1045 203 1082 237 et
1103 197 1187 250 ipse
1211 203 1395 250 quantam
1419 209 1489 249 po-

26 267 27 274 *
60 257 135 298 tuit
155 269 175 296 a
192 254 392 295 Gaditanis
413 254 544 306 exigit,
565 266 643 293 non
665 254 813 293 aerario
831 254 945 293 modo
964 265 1100 293 eorum
1116 255 1181 293 sed
1199 254 1313 293 etiam
1332 253 1490 306 templis

25 331 27 335 ·
65 312 238 365 spoliatis
259 317 296 351 et
317 311 496 364 privatim
519 311 702 350 omnibus
723 311 867 350 coactis
887 323 1025 350 aurum
1043 316 1330 363 argentumque
1351 310 1391 349 in
1414 323 1487 363 pu-

63 369 206 409 blicum
237 369 430 407 conferre.
479 380 568 406 cum
599 367 958 420 praeterveheretur
988 367 1198 419 Hispaniae
1228 379 1359 415 oram,
1388 367 1490 406 haud
1512 375 1531 406 4

24 451 27 473 ς
63 425 199 478 procul
229 425 460 476 Carthagine
483 436 580 463 nova
611 424 799 476 expositis
830 424 870 462 in
901 429 1041 462 terram
1074 423 1262 463 militibus
1292 424 1491 476 proximos

8 487 10 490 “
64 481 324 534 depopulatur
344 493 473 532 agros,
489 481 580 520 inde
601 481 647 520 ad
666 481 801 520 urbem
819 479 980 519 classem
998 480 1159 531 adpulit.
1192 480 1244 518 ibi
1263 492 1351 519 cum
1370 480 1489 520 inter·
1510 488 1528 519 5

10 539 26 565 V
63 538 129 578 diu
152 538 295 577 milites
315 537 354 576 in
378 537 540 578 navibus
562 537 773 584 tenuisset,
800 543 916 576 nocte
938 537 976 575 in
1000 536 1092 575 litus
1114 536 1312 588 expositos
1333 538 1378 576 ad
1401 549 1490 589 par-

23 588 26 595 ’
64 603 142 634 tem
164 607 246 634 eam
268 594 384 642 muri,
407 607 480 646 qua
502 600 612 646 capta
630 593 819 644 Carthago
841 593 888 632 ab
909 593 1094 632 Romanis
1116 593 1252 641 fuerat,
1275 593 1394 641 ducit,
1419 606 1491 633 nec

23 653 25 681 f
64 651 258 704 praesidio
276 651 367 690 satis
386 651 509 690 valido
528 651 664 690 urbem
682 650 807 689 teneri
828 656 949 697 ratus,
971 656 1009 689 et
1029 649 1181 702 aliquos
1203 650 1490 702 oppidanorum

21 713 25 766 j
63 709 110 747 ad
131 720 240 760 spem
264 708 430 747 novandi
452 720 514 746 res
535 707 680 759 aliquid
703 713 894 746 moturos.
945 713 1120 746 ceterum
1154 706 1281 746 nuntii
1313 719 1358 745 ex
1390 706 1493 757 agris
1512 712 1531 744 6

22 814 23 818 Ἰ
63 765 204 816 trepidi
225 764 340 804 simul
362 764 658 816 populationem
689 763 979 815 agrestiumque
1013 764 1142 814 fugam
1165 769 1202 802 et
1233 763 1404 802 hostium
1425 764 1492 803 ad-

18 855 25 875 ,
61 827 220 860 ventum
242 820 482 868 adtulerant,
514 827 551 860 et
580 820 657 859 visa
680 820 848 859 interdiu
871 819 1003 859 classis
1025 825 1125 868 erat,
1158 832 1231 859 nec
1260 820 1345 858 sine
1377 832 1493 860 causa
1513 827 1530 858 7

22 881 23 887 ’
62 877 225 917 electam
246 884 335 917 ante
357 877 494 916 urbem
516 878 723 916 stationem
745 876 967 929 apparebat.
1006 876 1136 928 itaque
1157 876 1343 915 instructi
1365 888 1490 916 arma—

21 972 23 984 ,
61 934 168 986 tique
198 934 298 973 intra
327 941 479 986 portam
509 934 556 973 ad
588 940 768 985 stagnum
799 945 844 972 ac
864 944 969 972 mare
997 944 1146 971 versam
1177 932 1491 972 continebantur.

21 1030 23 1038 ,
62 990 129 1030 ubi
152 990 264 1029 effusi
285 991 429 1038 hostes,
451 991 570 1029 mixta
592 990 692 1029 inter
713 989 854 1028 milites
877 989 1023 1028 navalis
1045 988 1175 1037 turba,
1207 989 1252 1028 ad
1275 1001 1410 1028 muros
1431 995 1492 1029 tu·
1513 996 1532 1028 8

16 1040 23 1077 ἶ
44 1046 187 1093 ‚multu
208 1047 354 1086 maiore
376 1059 492 1098 quam
508 1047 541 1085 vi
563 1046 782 1093 subierunt,
805 1046 994 1097 patefacta
1011 1051 1176 1097 repente
1198 1051 1309 1097 porta
1326 1045 1492 1085 Romani

20 1122 23 1131 ·
63 1115 152 1143 cum
175 1103 343 1142 clamore
364 1109 591 1155 erumpunt,
609 1103 867 1154 turbatosque
887 1103 1019 1142 hostes
1042 1107 1080 1141 et
1101 1102 1146 1141 ad
1170 1102 1341 1154 primum
1358 1102 1493 1142 incur·
1513 1109 1533 1140 9

20 1190 21 1195 ,
63 1172 149 1199 sum
180 1160 480 1212 coniectumque
509 1159 676 1199 telorum
702 1171 857 1199 aversos
887 1171 1011 1211 usque
1051 1159 1097 1197 ad
1125 1158 1216 1197 litus
1248 1171 1337 1198 cum
1369 1160 1491 1199 multa

64 1217 179 1256 caede
201 1222 513 1269 persequuntur;
542 1228 628 1265 nec,
651 1216 725 1255 nisi
748 1228 864 1255 naves
893 1215 997 1254 litori
1019 1215 1203 1267 adpulsae
1226 1215 1400 1267 trepidos
1430 1228 1494 1255 ac·
1518 1222 1555 1254 to

63 1272 272 1325 cepissent,
293 1273 552 1325 superfuisset
573 1273 687 1324 fugae
703 1279 769 1312 aut
790 1284 945 1324 pugnae
961 1271 1181 1324 quisquam.
1213 1271 1253 1310 in
1276 1271 1372 1324 ipsis
1394 1284 1494 1324 quo·
1516 1279 1550 1310 11

18 1359 21 1374 2
63 1342 140 1381 que
162 1329 397 1382 trepidatum
420 1329 582 1369 navibus
604 1335 682 1377 est,
714 1329 828 1376 dum,
859 1341 909 1368 ne
929 1329 1062 1368 hostes
1084 1340 1173 1367 cum
1195 1328 1275 1367 suis
1296 1328 1411 1368 simul
1430 1329 1492 1368 in-

62 1391 315 1438 rumperent,
347 1386 506 1425 trahunt
535 1385 656 1425 scalas
687 1398 853 1438 orasque
885 1390 923 1424 et
943 1397 1127 1432 ancoras,
1155 1396 1205 1423 ne
1235 1385 1273 1423 in
1296 1385 1492 1425 moliendo

17 1460 20 1474 ,-
63 1454 171 1482 mora
193 1447 309 1490 esset,
327 1442 580 1494 praecidunt3
604 1442 796 1494 multique
816 1442 1004 1481 adnantes
1028 1440 1203 1487 navibus,
1226 1441 1376 1481 incerto
1399 1454 1492 1494 prae
1516 1449 1552 1482 12

63 1531 217 1572 templis,
250 1540 285 1563 es
311 1540 381 1563 war
405 1529 480 1562 dort
505 1530 557 1563 ein
583 1531 660 1563 sehr
685 1531 741 1563 be-

61 1575 210 1609 rfihmter
241 1575 309 1608 und
346 1575 474 1608 reicher
506 1574 647 1618 Tempel
683 1575 743 1609 des

16 1647 18 1649 .
63 1620 236 1664 tyrischen
263 1620 432 1661 Hercules,
458 1622 514 1660 21,
540 1622 594 1661 21,
620 1623 651 1653 9.

109 1668 208 1699 5-8.
231 1669 369 1707 partem
388 1683 414 1688 -—
433 1676 512 1707 qua,
537 1666 606 1708 vgl.
622 1667 676 1706 26,
689 1668 743 1707 45,

16 1747 18 1759 ,
64 1712 96 1744 9.
122 1729 166 1734 —
191 1710 330 1752 aliquid
354 1713 447 1751 mot„
481 1711 534 1751 27,
562 1713 614 1751 17,
639 1713 678 1753 43
710 1720 745 1743 er

16 1765 19 1786 5
63 1755 167 1796 hefft,
204 1755 253 1788 sie
288 1754 426 1788 worden
463 1754 520 1788 der
556 1756 744 1789 romischen

63 1800 254 1834 Herrschast
279 1801 403 1833 bereits
429 1800 647 1844 fiberdrussig
671 1801 743 1834 sich

64 1846 220 1880 erheben.
257 1845 338 1878 Eine
351 1845 472 1886 Flotte,
498 1845 551 1879 die
576 1846 633 1878 ihn
652 1846 744 1879 hatte

7 1903 9 1906 ¹
64 1891 222 1924 abbalten
246 1890 327 1924 oder
351 1891 443 1924 seine
466 1890 743 1934 Unternehmung

63 1946 173 1980 gegen
194 1935 311 1969 italien
337 1935 477 1969 hindern
502 1936 648 1976 konnen,
674 1946 745 1970 war

14 2006 17 2026 ,
64 1981 157 2014 nicht
181 1980 234 2022 da,
261 1981 337 2014 weil
351 1980 464 2024 Scipio
489 1981 552 2014 den
567 1983 744 2025 grosseren

64 2026 161 2059 Theil
185 2026 295 2060 seiner
306 2025 430 2059 Schiffe
454 2026 539 2059 nach
553 2027 669 2060 Italien
687 2037 744 2070 ge-

65 2070 196 2105 schickt
210 2071 278 2113 hat,
294 2081 322 2104 s.
336 2082 364 2105 c.
377 2073 432 2113 38,
451 2074 482 2110 1;
499 2073 553 2115 27,
568 2073 621 2111 22,
636 2075 654 2105 7
667 2086 674 2110 ;
690 2072 743 2106 die

65 2117 206 2159 ubrigen
222 2116 314 2150 viell.
329 2117 420 2150 nicht
432 2117 476 2149 im
493 2115 743 2161 kriegsfabigen

65 2161 190 2196 Stande
214 2161 301 2202 sind,
326 2163 381 2202 27,
412 2164 460 2203 17,
486 2164 574 2196 6.-
590 2163 698 2195 simul
715 2182 738 2187 -—

13 2214 16 2226 ³
66 2217 134 2249 que
148 2225 174 2230 —
188 2210 223 2238 et
245 2205 428 2240 verbinden
448 2207 517 2240 drei
534 2218 744 2241 zusammen-

66 2251 227 2295 gehorige
241 2250 420 2292 Momente,
439 2256 471 2284 et
484 2252 551 2285 und
565 2264 629 2286 nee
642 2253 743 2297 tugen

14 2317 16 2332 ›
66 2306 153 2330 neue
185 2296 296 2329 hinzu.
331 2315 372 2320 —
406 2300 497 2339 stag.
531 2309 560 2330 a.
593 2309 649 2338 m.,
686 2299 745 2332 der

13 2349 17 2388 :¹
67 2341 189 2385 Sumpt‘
217 2341 318 2384 hieng
348 2342 409 2374 mit
441 2341 515 2375 dem
547 2343 658 2377 Meere
689 2354 746 2377 zu-

13 2390 15 2401 '
68 2397 229 2425 sammen,
254 2397 281 2421 s.
307 2388 362 2427 26,
387 2388 442 2428 45,
466 2388 496 2420 8.

115 2434 237 2466 8—13.
261 2434 375 2464 mixta
402 2451 428 2455 -
458 2433 571 2464 turba.
619 2432 746 2475 Epexe-

69 2486 149 2520 gese
173 2487 215 2510 zu
245 2478 370 2510 hostes.
397 2496 436 2500 —
465 2477 512 2509 ad
535 2487 588 2519 pr.
615 2496 641 2501 ——
667 2488 747 2510 con-

68 2524 146 2555 ieec.
172 2523 241 2564 tel„
266 2522 320 2556 bei
344 2521 420 2555 dem
444 2525 554 2555 ersten
569 2520 666 2555 Wurf
688 2522 748 2555 mit

811 1529 875 1562 den
901 1529 1131 1569 Geschossen;
1172 1531 1322 1563 celorum
1349 1530 1413 1563 wie
1439 1531 1493 1571 38,

812 1577 865 1616 27,
891 1577 928 1617 43
960 1574 1114 1618 dagegen
1141 1576 1188 1607 ad
1211 1578 1408 1608 coniectum
1434 1575 1496 1608 teli

812 1620 843 1652 in
869 1619 923 1652 die
950 1619 1136 1654 Wurslinie.
1161 1639 1205 1644 —
1231 1624 1273 1653 tr.
1299 1620 1432 1661 scalas,
1463 1630 1492 1655 S.

813 1664 896 1697 Bell.
923 1664 1018 1698 Alex.
1045 1667 1098 1706 20,
1123 1668 1161 1699 4:
1198 1667 1258 1707 qm·
1283 1667 1319 1697 in
1345 1666 1494 1697 navibus

815 1710 930 1751 longis
955 1714 1202 1743 remanserant
1224 1710 1340 1744 scalas
1366 1720 1494 1752 rapere

814 1765 989 1796 navesque
1019 1765 1042 1788 a
1077 1759 1173 1788 terra
1209 1755 1379 1798 repellere
1409 1765 1493 1797 pro-

811 1800 998 1842 per-abant,
1025 1800 1109 1833 auch
1127 1798 1292 1843 κλίμακες
1309 1800 1391 1834 oder
1403 1798 1492 1834 ἀπο-

812 1843 941 1890 βάθρα
971 1849 1136 1888 genennt,
1168 1846 1216 1879 sie
1246 1845 1383 1879 werden
1414 1856 1493 1879 vom

815 1890 965 1923 Verdeck
995 1891 1309 1934 heruntergelassen
1340 1890 1420 1924 oder
1451 1900 1493 1924 an

813 1935 872 1969 das
886 1935 977 1968 Land
1002 1936 1150 1979 gelehnt‚
1176 1936 1280 1969 damit
1293 1946 1370 1969 man
1389 1936 1494 1969 leich-

814 1985 863 2014 ter
887 1981 920 2013 in
946 1980 1005 2014 das
1019 1980 1129 2014 Schiff
1148 1981 1313 2024 gelangen
1335 1980 1495 2013 kann.—

814 2036 912 2067 oras,
946 2025 1000 2059 die
1029 2026 1179 2066 Stricke,
1211 2026 1272 2059 mit
1300 2026 1408 2059 denen
1433 2025 1494 2059 das

813 2071 1012 2104 Hintertheil
1037 2071 1096 2104 des
1109 2071 1251 2104 Schiffes
1276 2081 1328 2103 am
1344 2070 1422 2104 Ufer
1434 2070 1493 2105 be-

813 2116 929 2159 sestigt
943 2116 1069 2154 wurde.
1083 2126 1110 2149 s.
1127 2118 1181 2159 22,
1199 2118 1250 2159 19,
1268 2118 1318 2157 10,
1333 2115 1495 2149 wahrend

813 2171 890 2194 man
915 2160 969 2194 die
995 2161 1108 2194 Anker
1139 2162 1171 2193 in
1197 2160 1256 2194 der
1280 2160 1384 2203 Rege!
1414 2171 1494 2194 vom

816 2205 1026 2240 Vordertheil
1051 2216 1132 2244 aus,
1165 2216 1190 2239 s.
1226 2206 1326 2248 Verg.
1354 2207 1436 2239 Aen.
1462 2208 1494 2248 3,

814 2253 897 2290 277;
929 2254 960 2289 6,
993 2253 1056 2285 901
1095 2253 1171 2292 (nur
1207 2250 1496 2285 ausnahmsweise

814 2296 989 2340 geschiebt
1007 2307 1043 2330 es
1057 2297 1132 2329 Act.
1146 2297 1264 2339 Apost.
1280 2297 1333 2335 27,
1347 2297 1389 2330 29
1415 2305 1494 2329 vom

817 2341 1015 2375 Hintertlieil
1040 2344 1114 2383 aus)
1146 2340 1249 2374 durch
1275 2341 1328 2374 die
1352 2337 1496 2385 ὀφθαλ-

815 2390 878 2429 μοί
900 2387 1053 2428 (Kliisen)
1078 2387 1110 2419 in
1137 2385 1191 2419 die
1216 2386 1279 2419 See
1304 2385 1401 2428 liess,
1426 2386 1495 2419 und

815 2442 853 2465 so
880 2431 990 2465 dieses
1022 2431 1212 2464 seststellte.
1237 2450 1282 2455 —
1304 2431 1496 2471 moliendo,

815 2477 902 2510 beim
940 2476 1143 2510 Auswinden
1179 2475 1238 2509 des
1273 2476 1414 2510 Ankers.
1451 2495 1495 2500 —

814 2522 1032 2565 praecidunt
1055 2524 1149 2565 passt
1173 2521 1336 2555 zunachst
1369 2531 1431 2555 nur
1454 2531 1496 2554 zu
