1732 2840
66 137 91 157 a.
111 129 162 156 Ch·
180 129 240 156 204.

538 114 660 147 LlBER
685 113 799 148 XXIX.
847 114 938 147 CAP.
965 115 1018 147 24.
1431 112 1482 150 57

69 233 188 273 citum
217 231 429 277 incideret,
460 242 508 269 ne
538 229 651 269 simul
681 242 769 268 cum
796 242 888 280 rege
917 237 954 269 et
975 229 1358 280 Carthaginiensibus
1385 231 1483 270 soret

69 289 304 335 bellandum,
321 287 456 326 avertit
477 299 496 326 a
517 298 606 325 vero
629 286 733 325 salsis
755 286 1075 338 praeoccupando
1097 294 1245 326 mentes
1266 287 1481 334 hominum,

70 353 107 385 et
136 345 279 384 vocatis
307 344 352 383 ad
383 343 606 383 contionem
642 342 830 382 militibus
867 355 944 381 non
982 343 1078 381 ultra
1111 355 1193 382 esse
1223 345 1484 384 cunctandum
1503 351 1522 383 5

69 403 142 442 ait:
174 402 340 448 instare,
370 406 412 439 ut
437 400 475 439 in
499 400 665 439 Africam
689 411 801 451 quam
829 399 998 451 primum
1019 399 1190 447 traiciat,
1212 400 1337 439 socios
1358 413 1482 452 reges,

69 458 308 498 Masinissam
341 457 468 509 ipsum
498 456 607 508 prius
637 456 682 495 ad
711 455 884 495 Laelium
916 455 1068 494 venisse
1100 463 1348 507 querentem,
1382 458 1484 510 quod

69 514 287 554 cunctando
329 520 483 565 tempus
514 519 726 560 tereretur,
763 525 870 551 nunc
900 512 1114 564 Syphacem
1152 513 1302 552 mittere
1339 513 1487 565 legatos
1507 521 1526 554 6

69 572 169 610 idem
186 571 453 616 admirantem,
477 582 573 621 quae
596 575 670 608 tam
693 570 899 609 diuturnae
915 581 1045 607 morae
1067 569 1115 608 sit
1137 581 1263 617 causa,
1285 570 1485 622 postulan-

68 634 242 680 temque,
274 633 315 666 ut
343 633 408 666 aut
438 626 635 665 traiciatur
664 627 821 665 tandem
851 626 890 664 in
915 626 1081 664 Africam
1113 626 1317 674 exercitus,
1346 634 1425 674 aut,
1455 628 1485 666 si

69 690 213 724 mutata
231 683 391 723 consilia
409 683 499 728 sint,
517 683 658 721 certior
674 683 751 729 fiat,
768 688 811 721 ut
828 689 864 721 et
880 683 963 733 ipse
979 681 1050 720 sibi
1072 694 1115 721 ac
1137 695 1258 733 regno
1276 695 1345 722 suo
1364 684 1487 736 possit

69 741 288 780 consulere.
339 740 468 791 itaque
490 740 579 778 satis
607 739 682 778 iam
705 738 887 777 omnibus
908 739 1106 778 instructis
1128 740 1362 792 paratisque,
1386 747 1424 779 et
1444 753 1487 780 re
1508 748 1525 779 7

68 797 143 837 iam
174 809 253 836 non
285 796 382 836 ultra
412 796 627 847 recipiente
649 795 936 834 cunctationem
958 795 997 834 in
1019 796 1148 835 animo
1171 796 1243 834 sibi
1267 809 1362 841 esse,
1383 797 1487 848 Lily-

67 853 206 893 baeum
235 853 356 892 classe
386 853 558 892 traducta
589 853 802 904 eodemque
829 851 1010 891 omnibus
1040 853 1211 904 peditum
1235 854 1488 905 equitumque

69 910 193 962 copiis
210 909 430 954 contractis,
449 921 547 960 quae
564 909 685 960 prima
704 909 785 948 dies
801 920 957 948 cursum
975 908 1137 947 navibus
1154 909 1274 956 daret,
1291 910 1372 949 deis
1388 910 1488 949 bene

68 966 289 1006 iuvantibus
309 966 349 1004 in
368 966 535 1005 Africam
557 965 731 1004 traicere.
776 965 921 1004 litteras
943 965 988 1003 ad
1010 965 1059 1003 M.
1077 965 1338 1017 Pomponium
1360 967 1490 1016 mittit,
1509 974 1528 1007 8

69 1030 124 1070 ut,
142 1024 173 1062 si
190 1023 223 1062 ei
239 1023 447 1069 videretur,
464 1022 688 1072 Lilybaeum
707 1022 866 1069 veniret,
891 1028 929 1060 ut
946 1021 1206 1060 communiter
1223 1022 1487 1071 consulerent,

32 1088 37 1091 ·
71 1092 167 1131 quas
201 1079 447 1131 potissimum
485 1078 660 1128 legiones
691 1084 728 1116 et
771 1084 958 1129 quantum
997 1077 1165 1116 militum
1203 1090 1409 1118 numerum
1448 1080 1488 1118 in

69 1136 237 1175 Africam
260 1135 451 1174 traiceret.
493 1134 583 1173 item
616 1134 762 1173 circum
794 1146 900 1173 oram
921 1134 1150 1173 maritimam
1173 1135 1289 1183 misit,
1310 1142 1352 1175 ut
1374 1149 1489 1175 naves
1510 1143 1528 1175 9

70 1192 269 1231 onerariae
291 1203 546 1243 comprensae
567 1190 792 1242 Lilybaeum
823 1203 959 1229 omnes
983 1192 1317 1231 contraherentur.

70 1249 162 1301 quid
192 1248 357 1287 militum
390 1248 622 1298 naviumque
652 1247 691 1285 in
716 1246 843 1286 Sicilia
876 1253 970 1294 erat,
993 1260 1080 1286 cum
1100 1247 1327 1299 Lilybaeum
1349 1261 1490 1288 conve-

69 1305 211 1352 nisset,
244 1312 279 1343 et
308 1316 381 1343 nec
410 1304 504 1343 urbs
526 1303 817 1342 multitudinem
839 1304 1041 1342 hominum
1064 1316 1191 1355 neque
1212 1311 1349 1356 portus
1374 1318 1490 1345 naves

70 1384 108 1424 7;
144 1383 175 1422 8,
201 1383 232 1422 6,
262 1383 318 1419 12;
352 1384 406 1422 45,
443 1384 470 1422 l,
495 1384 526 1414 4.
559 1400 599 1405 —
632 1380 745 1419 falsis,

70 1426 134 1460 abl.
160 1427 326 1467 instrum„
360 1427 465 1459 neben
492 1436 573 1458 vero
605 1436 661 1458 um
688 1426 745 1457 ab-

69 1471 293 1505 zuwechseln.
335 1475 465 1503 mentes
491 1471 609 1513 3311611
637 1471 745 1503 sowol

69 1528 111 1550 zu
138 1519 268 1549 avertit
299 1517 347 1549 als
371 1527 411 1548 zu
436 1516 745 1557 praeoccupando.

116 1561 392 1601 5—7.milit1'b.,
426 1571 461 1594 es
495 1561 567 1594 sind
603 1561 669 1593 wol
694 1560 746 1593 die

69 1618 96 1641 c.
111 1608 154 1640 22
169 1606 361 1639 erwahnten
377 1606 534 1649 gemeint.
549 1625 593 1628 —
607 1606 747 1647 admin,

70 1652 171 1685 durch
198 1651 365 1685 Gesandte
389 1650 516 1691 melde,
549 1650 625 1683 dass
652 1660 686 1683 er
710 1661 744 1684 es

70 1697 248 1730 auffallend
263 1696 362 1729 finde.
401 1707 489 1738 quae
503 1715 528 1719 —
545 1706 653 1728 causa
671 1696 745 1728 sind

69 1742 114 1775 im
129 1743 214 1783 Put.,
241 1742 303 1774 wie
321 1742 363 1773 im
379 1741 470 1784 Folg.
494 1743 642 1783 paratis,
669 1750 744 1773 aus-

70 1787 227 1830 gesallen,
253 1797 306 1818 wo
330 1786 378 1819 sie
400 1787 460 1818 mit
476 1786 538 1819 den
558 1786 745 1829 gleichsalls

70 1832 246 1866 fehlenden
271 1831 507 1873 postulantem
539 1837 625 1864 etwa
660 1832 743 1863 zwei

69 1877 181 1910 Zeilen
206 1876 323 1909 fnllten
352 1876 417 1909 und
443 1876 546 1909 leicht
557 1876 742 1909 iibersehen

71 1922 206 1956 werden
243 1921 409 1959 konnten;
454 1922 501 1955 sie
539 1921 630 1962 sind,
676 1922 745 1954 ihre

70 1967 249 2001 Aechtheit
265 1970 528 2009 vorausgesetzt,
551 1967 746 2009 Epexegese

73 2023 113 2045 zu
138 2013 249 2052 idem,
282 2011 538 2051 ebendasselbe,
571 2012 745 2045 ebensalls.

72 2059 267 2099 —paratz's
293 2057 375 2089 wird
404 2058 451 2090 ost
475 2057 534 2090 mit
552 2060 746 2089 instructus

71 2101 277 2142 verbunden,
302 2111 329 2135 s.
345 2104 399 2143 42,
411 2104 465 2144 52,
480 2105 511 2144 3,
528 2102 613 2135 auch
625 2102 656 2134 in
678 2112 747 2134 um-

72 2147 250 2191 gekehrter
280 2146 460 2190 Ordnung,
493 2150 546 2185 30,
573 2149 602 2189 3,
628 2150 666 2184 4;
693 2149 746 2186 42,

73 2194 127 2231 52,
153 2195 191 2230 3;
217 2193 272 2232 43,
295 2194 326 2232 3,
345 2194 380 2230 7;
406 2193 580 2226 bisweilen
607 2203 748 2235 eompa-

72 2240 162 2270 ratis
188 2248 219 2270 u.
243 2240 480 2280 praeparatis,
506 2240 537 2279 7,
563 2240 667 2280 23,5;
693 2239 747 2279 42,

72 2283 126 2321 43,
148 2285 185 2321 3;
213 2282 281 2314 wol
305 2281 398 2314 nicht
423 2283 617 2323 adparatz's.
641 2302 685 2306 —
710 2286 750 2314 ut

73 2331 136 2360 aut
158 2347 185 2351 —
210 2330 273 2359 aut
297 2346 321 2350 —
348 2331 387 2358 ut
420 2337 445 2360 s.
479 2330 510 2368 2,
544 2329 598 2369 27,
624 2329 659 2366 2;
695 2330 748 2369 36,

75 2375 127 2414 16,
156 2375 210 2406 10:
238 2376 287 2413 ut,
311 2373 383 2403 sive
405 2390 433 2396 —
455 2375 545 2413 sive,
570 2392 597 2396 —
622 2377 681 2412 αἰ,-
716 2375 746 2414 7,

72 2419 126 2457 39,
156 2420 215 2452 1οε
251 2427 350 2459 quem
377 2421 438 2449 aut
462 2437 489 2440 —
515 2422 577 2450 aut
610 2420 678 2452 cui.
703 2437 747 2442 -—

73 2462 203 2506 Lilyb„
226 2472 294 2495 von
320 2472 374 2494 wo
392 2461 444 2494 die
457 2462 611 2495 kfirzeste
625 2463 749 2496 Ueber-

72 2507 161 2540 fahrt
186 2507 270 2541 nach
288 2507 398 2539 Africa
425 2517 504 2540 war.
541 2506 653 2550 Scipio
679 2507 749 2540 will

73 2552 145 2586 sich
181 2552 280 2585 dahin
317 2562 383 2586 von
415 2551 561 2595 Syracus
598 2562 658 2586 aus
694 2553 749 2586 he-

816 1381 939 1423 geben,
966 1380 1024 1413 der
1036 1381 1154 1414 Prator
1179 1381 1309 1414 seheint
1335 1382 1366 1414 in
1382 1382 1490 1415 einem

815 1426 958 1459 anderen
985 1425 1101 1459 Theile
1134 1426 1191 1459 der
1215 1426 1301 1459 lnsel
1334 1437 1491 1470 gewesen

815 1482 854 1503 zu
881 1471 963 1511 sein,
987 1481 1013 1504 s.
1041 1482 1068 1503 c.
1087 1473 1140 1512 26,
1157 1473 1192 1510 ’ῖς
1219 1474 1332 1514 spater
1357 1482 1427 1505 war
1439 1472 1491 1504 Li-

814 1516 971 1559 lybaeum
996 1516 1101 1549 selbst
1135 1516 1192 1549 der
1216 1516 1284 1549 Sitz
1309 1517 1368 1550 des
1393 1518 1490 1551 einen

815 1561 872 1594 der
905 1561 1107 1601 Quastoren,
1146 1562 1197 1594 die
1235 1562 1319 1595 nach
1355 1563 1490 1596 Sicilien

814 1606 987 1649 geschickt
1017 1607 1164 1639 wurden.
1196 1626 1239 1630 -—
1272 1618 1412 1640 cur-sum
1447 1608 1491 1648 d„

815 1651 874 1683 das
889 1651 1068 1684 Auslausen
1085 1656 1277 1694 gestattete.
1309 1652 1417 1685 Ueber
1431 1652 1490 1686 das

814 1696 936 1729 Fehlen
976 1707 1039 1729 von
1078 1708 1117 1728 ea
1150 1707 1174 1729 s.
1207 1699 1260 1737 27,
1290 1699 1344 1735 42,
1372 1700 1421 1731 10.
1448 1717 1488 1721 -

815 1741 887 1772 deis
919 1743 1002 1773 bene
1037 1743 1256 1782 z‘uvantibm,
1291 1753 1316 1775 c.
1353 1744 1407 1783 25,
1435 1745 1489 1780 13;

813 1788 868 1827 21,
893 1788 945 1827 21,
972 1789 990 1820 6
1017 1797 1048 1819 u.
1075 1797 1118 1829 o.,
1148 1787 1215 1830 vgl.
1241 1798 1266 1820 c.
1294 1789 1347 1829 27,
1373 1790 1392 1821 3
1419 1788 1493 1820 divi

813 1835 876 1864 etc.

860 1878 981 1910 8—11.
1008 1887 1096 1918 quas
1110 1888 1145 1918 p.
1165 1877 1198 1917 l.,
1223 1877 1282 1919 s.§
1302 1879 1351 1911 13.
1365 1897 1409 1902 —
1424 1880 1491 1909 cir-

816 1932 894 1953 cum
920 1932 950 1953 ο.
973 1932 1030 1963 m.,
1056 1932 1082 1954 s.
1109 1926 1139 1961 3,
1166 1924 1220 1961 37,
1238 1924 1275 1959 6;
1302 1933 1360 1955 zur
1384 1923 1492 1956 Sache

815 1968 869 2008 21,
895 1969 950 2008 49,
976 1969 1012 2003 6;
1051 1976 1091 1999 an
1117 1967 1170 2000 die
1196 1967 1433 2000 Befehlshaber
1458 1968 1491 2000 in

815 2012 878 2044 den
911 2011 1119 2045 Seesta'dten.
1150 2031 1194 2035 —
1229 2014 1399 2053 contr-ah„
1436 2014 1489 2053 21,

816 2059 870 2098 26,
896 2060 933 2089 7:
968 2057 1016 2089 ad
1042 2068 1146 2089 naves
1171 2057 1327 2099 undique
1352 2061 1491 2090 contra-

817 2102 960 2134 kendus.
978 2121 1021 2125 ——
1039 2102 1215 2144 quidquid
1237 2103 1309 2134 mil.
1337 2106 1412 2143 etc.‚
1437 2102 1490 2135 die

817 2147 1058 2180 Gesammtheit
1072 2147 1129 2180 der
1138 2147 1308 2187 Soldaten‚
1323 2147 1405 2181 alles
1419 2157 1490 2181 was

817 2203 883 2225 von
898 2192 1056 2225 Soldaten
1076 2211 1099 2215 —
1119 2192 1310 2225 vorhanden
1328 2202 1406 2234 war,
1420 2192 1490 2236 vgl.

818 2240 871 2277 30,
898 2239 950 2277 30,
969 2239 1028 2274 25;
1055 2239 1205 2278 3,17‚5:
1233 2237 1406 2279 quidquid
1427 2247 1490 2280 pa-

818 2287 910 2315 trum
934 2283 1112 2325 plebisque
1129 2286 1200 2321 est,·
1225 2283 1283 2315 das
1299 2282 1490 2325 regierende

819 2327 913 2360 Wort
938 2328 1078 2361 umsasst
1104 2327 1167 2359 alle
1193 2326 1308 2359 Theile
1334 2328 1392 2361 des
1406 2327 1491 2361 Gan-

816 2383 887 2406 zen.
922 2373 1108 2415 Uebrigens
1125 2381 1236 2404 waren
1254 2371 1352 2405 keine
1366 2372 1490 2406 andern

817 2417 974 2460 Truppen
1001 2419 1032 2450 in
1046 2417 1179 2450 Sicilien
1208 2417 1256 2450 als
1281 2416 1334 2450 die
1348 2427 1491 2451 cannen-

817 2463 948 2495 sischen
975 2463 1141 2505 Legionem
1176 2462 1240 2494 und
1267 2461 1319 2495 die
1344 2463 1491 2496 Freiwil-

817 2508 906 2550 ligen
933 2508 1072 2551 Scipios.
1098 2526 1142 2530 —
1167 2511 1200 2539 et
1228 2518 1291 2540 nec
1317 2526 1341 2530 —
1368 2519 1489 2550 neque,

819 2562 846 2585 s.
877 2554 924 2591 10,
952 2554 1005 2593 29,
1032 2554 1068 2585 2:
1103 2556 1135 2584 et
1168 2563 1229 2585 nec
1257 2563 1400 2596 pugnae
1424 2563 1489 2585 me-

1379 1193 1491 1244 quid-
1515 1200 1551 1232 10
