<?xml version="1.0" encoding="UTF-8"?>
<!DOCTYPE html PUBLIC "-//W3C//DTD XHTML 1.0 Transitional//EN"
    "http://www.w3.org/TR/xhtml1/DTD/xhtml1-transitional.dtd">
<html xmlns="http://www.w3.org/1999/xhtml" xml:lang="en" lang="en">
 <head>
  <title>
</title>
<meta http-equiv="Content-Type" content="text/html;charset=utf-8" />
  <meta name='ocr-system' content='tesseract 3.04.00' />
  <meta name='ocr-capabilities' content='ocr_page ocr_carea ocr_par ocr_line ocrx_word'/>
</head>
<body>
  <div class='ocr_page' id='page_1' title='image "./aburbeconditalib06livyuoft_0155.png"; bbox 0 0 1732 2840; ppageno 0'>
   <div class='ocr_carea' id='block_1_1' title="bbox 511 109 1498 149">
    <p class='ocr_par' dir='ltr' id='par_1_1' title="bbox 511 109 1498 149">
     <span class='ocr_line' id='line_1_1' title="bbox 511 109 1498 149; baseline 0.006 -6"><span class='ocrx_word' id='word_1_1' title='bbox 511 109 633 143; x_wconf 81' lang='lat' dir='ltr'>LIBER</span> <span class='ocrx_word' id='word_1_2' title='bbox 659 109 801 144; x_wconf 77' lang='lat' dir='ltr'>xxvln.</span> <span class='ocrx_word' id='word_1_3' title='bbox 849 111 941 145; x_wconf 84' lang='lat' dir='ltr'><strong>CAP.</strong></span> <span class='ocrx_word' id='word_1_4' title='bbox 968 113 998 145; x_wconf 85' lang='lat'>8.</span> <span class='ocrx_word' id='word_1_5' title='bbox 1023 113 1055 146; x_wconf 87' lang='grc'>9.</span> <span class='ocrx_word' id='word_1_6' title='bbox 1420 112 1498 149; x_wconf 86' lang='grc'>147</span> 
     </span>
    </p>
   </div>
   <div class='ocr_carea' id='block_1_2' title="bbox 71 119 244 148">
    <p class='ocr_par' dir='ltr' id='par_1_2' title="bbox 71 119 244 148">
     <span class='ocr_line' id='line_1_2' title="bbox 71 119 244 148; baseline -0.006 -1"><span class='ocrx_word' id='word_1_7' title='bbox 71 127 96 148; x_wconf 77' lang='lat' dir='ltr'>a.</span> <span class='ocrx_word' id='word_1_8' title='bbox 116 119 165 147; x_wconf 88' lang='lat' dir='ltr'>Cb.</span> <span class='ocrx_word' id='word_1_9' title='bbox 185 121 244 147; x_wconf 80' lang='lat'>207.</span> 
     </span>
    </p>
   </div>
   <div class='ocr_carea' id='block_1_3' title="bbox 52 223 1561 1291">
    <p class='ocr_par' dir='ltr' id='par_1_3' title="bbox 66 223 1561 772">
     <span class='ocr_line' id='line_1_3' title="bbox 70 223 1499 275; baseline 0.003 -12"><span class='ocrx_word' id='word_1_10' title='bbox 70 223 266 272; x_wconf 89' lang='lat' dir='ltr'>societate,</span> <span class='ocrx_word' id='word_1_11' title='bbox 288 223 319 262; x_wconf 89' lang='lat' dir='ltr'>si</span> <span class='ocrx_word' id='word_1_12' title='bbox 342 236 450 265; x_wconf 87' lang='lat' dir='ltr'>suam</span> <span class='ocrx_word' id='word_1_13' title='bbox 473 235 586 275; x_wconf 87' lang='lat' dir='ltr'>qnam</span> <span class='ocrx_word' id='word_1_14' title='bbox 606 223 855 263; x_wconf 81' lang='lat' dir='ltr'>Oritanorum</span> <span class='ocrx_word' id='word_1_15' title='bbox 878 230 995 275; x_wconf 86' lang='lat' dir='ltr'>atque</span> <span class='ocrx_word' id='word_1_16' title='bbox 1015 224 1280 275; x_wconf 82' lang='lat' dir='ltr'>Opuntiorum</span> <span class='ocrx_word' id='word_1_17' title='bbox 1302 226 1499 267; x_wconf 86' lang='lat' dir='ltr'>fortunam</span> 
     </span>
     <span class='ocr_line' id='line_1_4' title="bbox 68 279 1561 335; baseline 0.003 -16"><span class='ocrx_word' id='word_1_18' title='bbox 68 279 242 329; x_wconf 84' lang='lat' dir='ltr'>mallent,</span> <span class='ocrx_word' id='word_1_19' title='bbox 264 279 310 318; x_wconf 90' lang='lat' dir='ltr'>ab</span> <span class='ocrx_word' id='word_1_20' title='bbox 328 280 507 321; x_wconf 82' lang='lat' dir='ltr'>Chalcide</span> <span class='ocrx_word' id='word_1_21' title='bbox 525 280 670 319; x_wconf 85' lang='lat' dir='ltr'>Oreum</span> <span class='ocrx_word' id='word_1_22' title='bbox 688 281 850 332; x_wconf 78' lang='lat' dir='ltr'>navigat,</span> <span class='ocrx_word' id='word_1_23' title='bbox 874 281 1179 332; x_wconf 81' lang='lat' dir='ltr'>principumque</span> <span class='ocrx_word' id='word_1_24' title='bbox 1197 282 1256 330; x_wconf 81' lang='lat' dir='ltr'>iis,</span> <span class='ocrx_word' id='word_1_25' title='bbox 1280 283 1345 334; x_wconf 91' lang='lat' dir='ltr'>qui</span> <span class='ocrx_word' id='word_1_26' title='bbox 1366 283 1501 335; x_wconf 87' lang='lat' dir='ltr'>fugere</span> <span class='ocrx_word' id='word_1_27' title='bbox 1524 292 1561 324; x_wconf 86' lang='lat'>13</span> 
     </span>
     <span class='ocr_line' id='line_1_5' title="bbox 70 336 1501 389; baseline 0.002 -13"><span class='ocrx_word' id='word_1_28' title='bbox 70 342 180 388; x_wconf 90' lang='lat' dir='ltr'>capta</span> <span class='ocrx_word' id='word_1_29' title='bbox 204 336 298 375; x_wconf 85' lang='lat' dir='ltr'>urbe</span> <span class='ocrx_word' id='word_1_30' title='bbox 321 350 436 389; x_wconf 89' lang='lat' dir='ltr'>quam</span> <span class='ocrx_word' id='word_1_31' title='bbox 458 350 499 376; x_wconf 87' lang='lat' dir='ltr'>se</span> <span class='ocrx_word' id='word_1_32' title='bbox 516 336 702 376; x_wconf 85' lang='lat' dir='ltr'>Romanis</span> <span class='ocrx_word' id='word_1_33' title='bbox 724 338 874 376; x_wconf 87' lang='lat' dir='ltr'>tradere</span> <span class='ocrx_word' id='word_1_34' title='bbox 892 337 1120 385; x_wconf 83' lang='lat' dir='ltr'>maluerant,</span> <span class='ocrx_word' id='word_1_35' title='bbox 1143 350 1290 378; x_wconf 90' lang='lat' dir='ltr'>summa</span> <span class='ocrx_word' id='word_1_36' title='bbox 1314 351 1444 379; x_wconf 87' lang='lat' dir='ltr'>rerum</span> <span class='ocrx_word' id='word_1_37' title='bbox 1463 346 1501 379; x_wconf 87' lang='lat' dir='ltr'>et</span> 
     </span>
     <span class='ocr_line' id='line_1_6' title="bbox 69 392 1498 448; baseline 0.003 -16"><span class='ocrx_word' id='word_1_38' title='bbox 69 392 242 433; x_wconf 88' lang='lat' dir='ltr'>custodia</span> <span class='ocrx_word' id='word_1_39' title='bbox 264 394 374 433; x_wconf 88' lang='lat' dir='ltr'>urbis</span> <span class='ocrx_word' id='word_1_40' title='bbox 395 394 597 446; x_wconf 86' lang='lat' dir='ltr'>permissa,</span> <span class='ocrx_word' id='word_1_41' title='bbox 620 393 703 444; x_wconf 91' lang='lat' dir='ltr'>ipse</span> <span class='ocrx_word' id='word_1_42' title='bbox 724 393 1005 433; x_wconf 77' lang='lat' dir='ltr'>Demetriadem</span> <span class='ocrx_word' id='word_1_43' title='bbox 1027 393 1073 431; x_wconf 91' lang='lat' dir='ltr'>ab</span> <span class='ocrx_word' id='word_1_44' title='bbox 1098 393 1268 442; x_wconf 80' lang='lat' dir='ltr'>Euboea,</span> <span class='ocrx_word' id='word_1_45' title='bbox 1292 396 1395 435; x_wconf 89' lang='lat' dir='ltr'>unde</span> <span class='ocrx_word' id='word_1_46' title='bbox 1417 397 1498 448; x_wconf 89' lang='lat' dir='ltr'>pri-</span> 
     </span>
     <span class='ocr_line' id='line_1_7' title="bbox 68 449 1556 501; baseline 0.004 -14"><span class='ocrx_word' id='word_1_47' title='bbox 68 461 174 488; x_wconf 89' lang='lat' dir='ltr'>mum</span> <span class='ocrx_word' id='word_1_48' title='bbox 192 449 238 488; x_wconf 91' lang='lat' dir='ltr'>ad</span> <span class='ocrx_word' id='word_1_49' title='bbox 256 461 369 500; x_wconf 88' lang='lat' dir='ltr'>opem</span> <span class='ocrx_word' id='word_1_50' title='bbox 387 450 584 490; x_wconf 83' lang='lat' dir='ltr'>ferendam</span> <span class='ocrx_word' id='word_1_51' title='bbox 603 450 719 488; x_wconf 90' lang='lat' dir='ltr'>sociis</span> <span class='ocrx_word' id='word_1_52' title='bbox 735 451 934 501; x_wconf 89' lang='lat' dir='ltr'>profectus</span> <span class='ocrx_word' id='word_1_53' title='bbox 947 456 1040 494; x_wconf 89' lang='lat' dir='ltr'>erat,</span> <span class='ocrx_word' id='word_1_54' title='bbox 1054 450 1213 489; x_wconf 86' lang='lat' dir='ltr'>traiecit.</span> <span class='ocrx_word' id='word_1_55' title='bbox 1238 452 1496 493; x_wconf 81' lang='lat' dir='ltr'>Cassandreae</span> <span class='ocrx_word' id='word_1_56' title='bbox 1521 460 1556 492; x_wconf 83' lang='lat'>14</span> 
     </span>
     <span class='ocr_line' id='line_1_8' title="bbox 68 505 1498 560; baseline 0.003 -16"><span class='ocrx_word' id='word_1_57' title='bbox 68 505 209 544; x_wconf 84' lang='lat' dir='ltr'>deinde</span> <span class='ocrx_word' id='word_1_58' title='bbox 232 513 387 546; x_wconf 85' lang='lat' dir='ltr'>centurn</span> <span class='ocrx_word' id='word_1_59' title='bbox 411 506 563 546; x_wconf 84' lang='lat' dir='ltr'>navium</span> <span class='ocrx_word' id='word_1_60' title='bbox 587 506 791 556; x_wconf 83' lang='lat' dir='ltr'>longarum</span> <span class='ocrx_word' id='word_1_61' title='bbox 814 506 956 546; x_wconf 91' lang='lat' dir='ltr'>carinis</span> <span class='ocrx_word' id='word_1_62' title='bbox 978 506 1128 557; x_wconf 87' lang='lat' dir='ltr'>positis,</span> <span class='ocrx_word' id='word_1_63' title='bbox 1152 513 1430 560; x_wconf 85' lang='lat' dir='ltr'>contractaque</span> <span class='ocrx_word' id='word_1_64' title='bbox 1451 510 1498 549; x_wconf 86' lang='lat' dir='ltr'>ad</span> 
     </span>
     <span class='ocr_line' id='line_1_9' title="bbox 68 561 1498 614; baseline 0.002 -13"><span class='ocrx_word' id='word_1_65' title='bbox 68 561 248 601; x_wconf 82' lang='lat' dir='ltr'>effectum</span> <span class='ocrx_word' id='word_1_66' title='bbox 271 563 354 602; x_wconf 90' lang='lat' dir='ltr'>eius</span> <span class='ocrx_word' id='word_1_67' title='bbox 377 563 507 614; x_wconf 91' lang='lat' dir='ltr'>operis</span> <span class='ocrx_word' id='word_1_68' title='bbox 529 562 778 602; x_wconf 88' lang='lat' dir='ltr'>multitudine</span> <span class='ocrx_word' id='word_1_69' title='bbox 801 563 998 602; x_wconf 83' lang='lat' dir='ltr'>fabrorum</span> <span class='ocrx_word' id='word_1_70' title='bbox 1023 562 1236 610; x_wconf 88' lang='lat' dir='ltr'>navalium,</span> <span class='ocrx_word' id='word_1_71' title='bbox 1260 564 1347 614; x_wconf 87' lang='lat' dir='ltr'>quia</span> <span class='ocrx_word' id='word_1_72' title='bbox 1372 577 1435 604; x_wconf 88' lang='lat' dir='ltr'>res</span> <span class='ocrx_word' id='word_1_73' title='bbox 1458 566 1498 604; x_wconf 92' lang='lat' dir='ltr'>in</span> 
     </span>
     <span class='ocr_line' id='line_1_10' title="bbox 67 617 1499 672; baseline 0.002 -15"><span class='ocrx_word' id='word_1_74' title='bbox 67 617 226 658; x_wconf 83' lang='lat' dir='ltr'>Graecia</span> <span class='ocrx_word' id='word_1_75' title='bbox 248 619 478 672; x_wconf 85' lang='lat' dir='ltr'>tranquillas</span> <span class='ocrx_word' id='word_1_76' title='bbox 500 625 538 658; x_wconf 82' lang='lat' dir='ltr'>et</span> <span class='ocrx_word' id='word_1_77' title='bbox 558 619 748 670; x_wconf 89' lang='lat' dir='ltr'>profectio</span> <span class='ocrx_word' id='word_1_78' title='bbox 771 619 885 658; x_wconf 85' lang='lat' dir='ltr'>Attali</span> <span class='ocrx_word' id='word_1_79' title='bbox 908 620 1050 658; x_wconf 84' lang='lat' dir='ltr'>fecerat</span> <span class='ocrx_word' id='word_1_80' title='bbox 1072 625 1110 658; x_wconf 88' lang='lat' dir='ltr'>et</span> <span class='ocrx_word' id='word_1_81' title='bbox 1131 619 1169 658; x_wconf 92' lang='lat' dir='ltr'>in</span> <span class='ocrx_word' id='word_1_82' title='bbox 1194 625 1370 671; x_wconf 87' lang='lat' dir='ltr'>tempore</span> <span class='ocrx_word' id='word_1_83' title='bbox 1392 621 1499 660; x_wconf 91' lang='lat' dir='ltr'>labo-</span> 
     </span>
     <span class='ocr_line' id='line_1_11' title="bbox 66 674 1500 727; baseline 0.003 -14"><span class='ocrx_word' id='word_1_84' title='bbox 66 674 244 714; x_wconf 87' lang='lat' dir='ltr'>rantibus</span> <span class='ocrx_word' id='word_1_85' title='bbox 265 676 382 715; x_wconf 90' lang='lat' dir='ltr'>sociis</span> <span class='ocrx_word' id='word_1_86' title='bbox 403 676 520 715; x_wconf 88' lang='lat' dir='ltr'>latum</span> <span class='ocrx_word' id='word_1_87' title='bbox 544 676 590 714; x_wconf 90' lang='lat' dir='ltr'>ab</span> <span class='ocrx_word' id='word_1_88' title='bbox 613 688 653 714; x_wconf 87' lang='lat' dir='ltr'>se</span> <span class='ocrx_word' id='word_1_89' title='bbox 676 676 882 723; x_wconf 84' lang='lat' dir='ltr'>auxilium,</span> <span class='ocrx_word' id='word_1_90' title='bbox 913 681 1017 714; x_wconf 89' lang='lat' dir='ltr'>retro</span> <span class='ocrx_word' id='word_1_91' title='bbox 1049 675 1087 714; x_wconf 93' lang='lat' dir='ltr'>in</span> <span class='ocrx_word' id='word_1_92' title='bbox 1117 687 1282 727; x_wconf 85' lang='lat' dir='ltr'>regnum</span> <span class='ocrx_word' id='word_1_93' title='bbox 1305 678 1500 718; x_wconf 84' lang='lat' dir='ltr'>concessit</span> 
     </span>
     <span class='ocr_line' id='line_1_12' title="bbox 66 731 683 772; baseline 0.002 -3"><span class='ocrx_word' id='word_1_94' title='bbox 66 736 110 769; x_wconf 86' lang='lat' dir='ltr'>ut</span> <span class='ocrx_word' id='word_1_95' title='bbox 131 731 319 771; x_wconf 84' lang='lat' dir='ltr'>Dardanis</span> <span class='ocrx_word' id='word_1_96' title='bbox 341 731 486 772; x_wconf 86' lang='lat' dir='ltr'>bellum</span> <span class='ocrx_word' id='word_1_97' title='bbox 510 732 683 771; x_wconf 86' lang='lat' dir='ltr'>inferret.</span> 
     </span>
    </p>

    <p class='ocr_par' dir='ltr' id='par_1_4' title="bbox 52 787 1542 1291">
     <span class='ocr_line' id='line_1_13' title="bbox 180 787 1542 839; baseline 0.002 -14"><span class='ocrx_word' id='word_1_98' title='bbox 180 787 362 828; x_wconf 86' lang='lat' dir='ltr'>Extremo</span> <span class='ocrx_word' id='word_1_99' title='bbox 383 789 539 828; x_wconf 87' lang='lat' dir='ltr'>aestatis</span> <span class='ocrx_word' id='word_1_100' title='bbox 561 788 665 836; x_wconf 85' lang='lat' dir='ltr'>eius,</span> <span class='ocrx_word' id='word_1_101' title='bbox 689 800 764 839; x_wconf 87' lang='lat' dir='ltr'>qua</span> <span class='ocrx_word' id='word_1_102' title='bbox 785 788 880 826; x_wconf 90' lang='lat' dir='ltr'>haec</span> <span class='ocrx_word' id='word_1_103' title='bbox 902 788 940 826; x_wconf 92' lang='lat' dir='ltr'>in</span> <span class='ocrx_word' id='word_1_104' title='bbox 964 788 1122 828; x_wconf 86' lang='lat' dir='ltr'>Graecia</span> <span class='ocrx_word' id='word_1_105' title='bbox 1145 796 1251 839; x_wconf 84' lang='lat' dir='ltr'>gesta</span> <span class='ocrx_word' id='word_1_106' title='bbox 1272 795 1377 837; x_wconf 89' lang='lat' dir='ltr'>sunt,</span> <span class='ocrx_word' id='word_1_107' title='bbox 1406 801 1493 829; x_wconf 91' lang='lat' dir='ltr'>cum</span> <span class='ocrx_word' id='word_1_108' title='bbox 1518 792 1542 828; x_wconf 86' lang='grc'>9</span> 
     </span>
     <span class='ocr_line' id='line_1_14' title="bbox 65 843 1496 895; baseline 0.003 -13"><span class='ocrx_word' id='word_1_109' title='bbox 65 844 110 890; x_wconf 83' lang='lat' dir='ltr'>Q.</span> <span class='ocrx_word' id='word_1_110' title='bbox 132 843 275 884; x_wconf 87' lang='lat' dir='ltr'>Fabius</span> <span class='ocrx_word' id='word_1_111' title='bbox 295 845 448 884; x_wconf 87' lang='lat' dir='ltr'>Maximi</span> <span class='ocrx_word' id='word_1_112' title='bbox 479 845 582 884; x_wconf 81' lang='lat' dir='ltr'>filius</span> <span class='ocrx_word' id='word_1_113' title='bbox 611 844 760 895; x_wconf 85' lang='lat' dir='ltr'>legatus</span> <span class='ocrx_word' id='word_1_114' title='bbox 790 844 836 883; x_wconf 88' lang='lat' dir='ltr'>ab</span> <span class='ocrx_word' id='word_1_115' title='bbox 858 844 907 884; x_wconf 90' lang='lat' dir='ltr'>M.</span> <span class='ocrx_word' id='word_1_116' title='bbox 930 844 1038 883; x_wconf 88' lang='lat' dir='ltr'>Livio</span> <span class='ocrx_word' id='word_1_117' title='bbox 1068 845 1230 884; x_wconf 87' lang='lat' dir='ltr'>consule</span> <span class='ocrx_word' id='word_1_118' title='bbox 1257 845 1418 884; x_wconf 87' lang='lat' dir='ltr'>Romam</span> <span class='ocrx_word' id='word_1_119' title='bbox 1450 846 1496 886; x_wconf 90' lang='lat' dir='ltr'>ad</span> 
     </span>
     <span class='ocr_line' id='line_1_15' title="bbox 65 900 1496 953; baseline 0.001 -14"><span class='ocrx_word' id='word_1_120' title='bbox 65 906 244 939; x_wconf 88' lang='lat' dir='ltr'>senatum</span> <span class='ocrx_word' id='word_1_121' title='bbox 275 902 494 941; x_wconf 83' lang='lat' dir='ltr'>nuntiasset</span> <span class='ocrx_word' id='word_1_122' title='bbox 524 901 725 940; x_wconf 88' lang='lat' dir='ltr'>consulem</span> <span class='ocrx_word' id='word_1_123' title='bbox 767 901 859 940; x_wconf 91' lang='lat' dir='ltr'>satis</span> <span class='ocrx_word' id='word_1_124' title='bbox 889 900 1070 952; x_wconf 89' lang='lat' dir='ltr'>praesidii</span> <span class='ocrx_word' id='word_1_125' title='bbox 1102 900 1245 940; x_wconf 87' lang='lat' dir='ltr'>Galliae</span> <span class='ocrx_word' id='word_1_126' title='bbox 1273 901 1496 953; x_wconf 88' lang='lat' dir='ltr'>provinciae</span> 
     </span>
     <span class='ocr_line' id='line_1_16' title="bbox 65 956 1497 1007; baseline 0.001 -12"><span class='ocrx_word' id='word_1_127' title='bbox 65 957 224 997; x_wconf 84' lang='lat' dir='ltr'>credere</span> <span class='ocrx_word' id='word_1_128' title='bbox 246 957 289 996; x_wconf 93' lang='lat' dir='ltr'>L.</span> <span class='ocrx_word' id='word_1_129' title='bbox 311 957 493 997; x_wconf 90' lang='lat' dir='ltr'>Porcium</span> <span class='ocrx_word' id='word_1_130' title='bbox 525 970 612 997; x_wconf 92' lang='lat' dir='ltr'>cum</span> <span class='ocrx_word' id='word_1_131' title='bbox 644 958 725 997; x_wconf 90' lang='lat' dir='ltr'>suis</span> <span class='ocrx_word' id='word_1_132' title='bbox 746 956 967 1007; x_wconf 88' lang='lat' dir='ltr'>legionibus</span> <span class='ocrx_word' id='word_1_133' title='bbox 993 969 1100 1002; x_wconf 85' lang='lat' dir='ltr'>esse,</span> <span class='ocrx_word' id='word_1_134' title='bbox 1134 957 1321 996; x_wconf 85' lang='lat' dir='ltr'>decedere</span> <span class='ocrx_word' id='word_1_135' title='bbox 1343 970 1384 997; x_wconf 89' lang='lat' dir='ltr'>se</span> <span class='ocrx_word' id='word_1_136' title='bbox 1406 958 1497 997; x_wconf 87' lang='lat' dir='ltr'>inde</span> 
     </span>
     <span class='ocr_line' id='line_1_17' title="bbox 65 1012 1536 1064; baseline 0.001 -13"><span class='ocrx_word' id='word_1_137' title='bbox 65 1025 110 1051; x_wconf 88' lang='lat' dir='ltr'>ac</span> <span class='ocrx_word' id='word_1_138' title='bbox 139 1012 277 1053; x_wconf 87' lang='lat' dir='ltr'>deduci</span> <span class='ocrx_word' id='word_1_139' title='bbox 310 1015 521 1053; x_wconf 87' lang='lat' dir='ltr'>exercitum</span> <span class='ocrx_word' id='word_1_140' title='bbox 554 1014 798 1053; x_wconf 86' lang='lat' dir='ltr'>consularem</span> <span class='ocrx_word' id='word_1_141' title='bbox 829 1025 967 1064; x_wconf 88' lang='lat' dir='ltr'>posse,</span> <span class='ocrx_word' id='word_1_142' title='bbox 999 1020 1130 1064; x_wconf 89' lang='lat' dir='ltr'>patres</span> <span class='ocrx_word' id='word_1_143' title='bbox 1161 1025 1241 1052; x_wconf 90' lang='lat' dir='ltr'>non</span> <span class='ocrx_word' id='word_1_144' title='bbox 1273 1013 1322 1053; x_wconf 91' lang='lat' dir='ltr'>M.</span> <span class='ocrx_word' id='word_1_145' title='bbox 1345 1013 1496 1053; x_wconf 91' lang='lat' dir='ltr'>Livium</span> <span class='ocrx_word' id='word_1_146' title='bbox 1517 1022 1536 1053; x_wconf 91' lang='lat'><strong>2</strong></span> 
     </span>
     <span class='ocr_line' id='line_1_18' title="bbox 52 1069 1494 1120; baseline 0.002 -13"><span class='ocrx_word' id='word_1_147' title='bbox 52 1075 214 1108; x_wconf 72' lang='lat' dir='ltr'>tantum</span> <span class='ocrx_word' id='word_1_148' title='bbox 243 1070 371 1109; x_wconf 89' lang='lat' dir='ltr'>redire</span> <span class='ocrx_word' id='word_1_149' title='bbox 401 1071 446 1109; x_wconf 91' lang='lat' dir='ltr'>ad</span> <span class='ocrx_word' id='word_1_150' title='bbox 469 1070 604 1109; x_wconf 88' lang='lat' dir='ltr'>urbem</span> <span class='ocrx_word' id='word_1_151' title='bbox 628 1069 695 1109; x_wconf 88' lang='lat' dir='ltr'>sed</span> <span class='ocrx_word' id='word_1_152' title='bbox 717 1069 918 1120; x_wconf 85' lang='lat' dir='ltr'>conlegam</span> <span class='ocrx_word' id='word_1_153' title='bbox 941 1081 1100 1120; x_wconf 85' lang='lat' dir='ltr'>quoque</span> <span class='ocrx_word' id='word_1_154' title='bbox 1125 1070 1207 1109; x_wconf 89' lang='lat' dir='ltr'>eius</span> <span class='ocrx_word' id='word_1_155' title='bbox 1231 1070 1270 1109; x_wconf 87' lang='lat' dir='ltr'>C.</span> <span class='ocrx_word' id='word_1_156' title='bbox 1294 1070 1494 1110; x_wconf 86' lang='lat' dir='ltr'>Claudium</span> 
     </span>
     <span class='ocr_line' id='line_1_19' title="bbox 64 1125 1533 1177; baseline 0.001 -13"><span class='ocrx_word' id='word_1_157' title='bbox 64 1125 276 1164; x_wconf 89' lang='lat' dir='ltr'>iusserunt.</span> <span class='ocrx_word' id='word_1_158' title='bbox 318 1127 355 1166; x_wconf 89' lang='lat' dir='ltr'>id</span> <span class='ocrx_word' id='word_1_159' title='bbox 378 1126 492 1165; x_wconf 89' lang='lat' dir='ltr'>modo</span> <span class='ocrx_word' id='word_1_160' title='bbox 516 1126 554 1165; x_wconf 93' lang='lat' dir='ltr'>in</span> <span class='ocrx_word' id='word_1_161' title='bbox 578 1126 733 1164; x_wconf 87' lang='lat' dir='ltr'>decreto</span> <span class='ocrx_word' id='word_1_162' title='bbox 755 1126 951 1173; x_wconf 79' lang='lat' dir='ltr'>interfuit,</span> <span class='ocrx_word' id='word_1_163' title='bbox 976 1126 1079 1177; x_wconf 92' lang='lat' dir='ltr'>quod</span> <span class='ocrx_word' id='word_1_164' title='bbox 1102 1126 1151 1164; x_wconf 90' lang='lat' dir='ltr'>M.</span> <span class='ocrx_word' id='word_1_165' title='bbox 1175 1126 1255 1165; x_wconf 89' lang='lat' dir='ltr'>Livi</span> <span class='ocrx_word' id='word_1_166' title='bbox 1280 1127 1492 1166; x_wconf 86' lang='lat' dir='ltr'>exercitum</span> <span class='ocrx_word' id='word_1_167' title='bbox 1515 1136 1533 1166; x_wconf 85' lang='lat'>3</span> 
     </span>
     <span class='ocr_line' id='line_1_20' title="bbox 62 1181 1492 1234; baseline 0.002 -14"><span class='ocrx_word' id='word_1_168' title='bbox 62 1181 211 1230; x_wconf 87' lang='lat' dir='ltr'>reduci,</span> <span class='ocrx_word' id='word_1_169' title='bbox 233 1182 399 1222; x_wconf 88' lang='lat' dir='ltr'>Neronis</span> <span class='ocrx_word' id='word_1_170' title='bbox 421 1182 596 1233; x_wconf 85' lang='lat' dir='ltr'>legiones</span> <span class='ocrx_word' id='word_1_171' title='bbox 614 1182 818 1222; x_wconf 90' lang='lat' dir='ltr'>Hannibali</span> <span class='ocrx_word' id='word_1_172' title='bbox 842 1182 1041 1233; x_wconf 89' lang='lat' dir='ltr'>oppositas</span> <span class='ocrx_word' id='word_1_173' title='bbox 1065 1194 1221 1222; x_wconf 86' lang='lat' dir='ltr'>manere</span> <span class='ocrx_word' id='word_1_174' title='bbox 1238 1183 1277 1222; x_wconf 90' lang='lat' dir='ltr'>in</span> <span class='ocrx_word' id='word_1_175' title='bbox 1294 1183 1492 1234; x_wconf 91' lang='lat' dir='ltr'>provincia</span> 
     </span>
     <span class='ocr_line' id='line_1_21' title="bbox 63 1237 1535 1291; baseline 0.001 -14"><span class='ocrx_word' id='word_1_176' title='bbox 63 1237 275 1278; x_wconf 85' lang='lat' dir='ltr'>iusserunt.</span> <span class='ocrx_word' id='word_1_177' title='bbox 317 1239 421 1279; x_wconf 88' lang='lat' dir='ltr'>inter</span> <span class='ocrx_word' id='word_1_178' title='bbox 449 1239 631 1279; x_wconf 88' lang='lat' dir='ltr'>consules</span> <span class='ocrx_word' id='word_1_179' title='bbox 660 1239 711 1278; x_wconf 90' lang='lat' dir='ltr'>ita</span> <span class='ocrx_word' id='word_1_180' title='bbox 742 1251 813 1291; x_wconf 87' lang='lat' dir='ltr'>per</span> <span class='ocrx_word' id='word_1_181' title='bbox 841 1239 988 1278; x_wconf 89' lang='lat' dir='ltr'>litteras</span> <span class='ocrx_word' id='word_1_182' title='bbox 1015 1239 1216 1287; x_wconf 87' lang='lat' dir='ltr'>convenit,</span> <span class='ocrx_word' id='word_1_183' title='bbox 1248 1246 1291 1278; x_wconf 91' lang='lat' dir='ltr'>ut</span> <span class='ocrx_word' id='word_1_184' title='bbox 1312 1252 1427 1291; x_wconf 90' lang='lat' dir='ltr'>quem</span> <span class='ocrx_word' id='word_1_185' title='bbox 1448 1240 1492 1279; x_wconf 87' lang='lat' dir='ltr'>ad</span> <span class='ocrx_word' id='word_1_186' title='bbox 1515 1248 1535 1279; x_wconf 87' lang='lat'>4</span> 
     </span>
    </p>
   </div>
   <div class='ocr_carea' id='block_1_4' title="bbox 812 1359 1494 1443">
    <p class='ocr_par' dir='ltr' id='par_1_5' title="bbox 812 1359 1494 1443">
     <span class='ocr_line' id='line_1_22' title="bbox 859 1359 1494 1403; baseline 0.002 -10"><span class='ocrx_word' id='word_1_187' title='bbox 859 1359 895 1395; x_wconf 84' lang='lat'>9.</span> <span class='ocrx_word' id='word_1_188' title='bbox 926 1359 1088 1403; x_wconf 84' lang='lat' dir='ltr'>Triumph</span> <span class='ocrx_word' id='word_1_189' title='bbox 1128 1360 1186 1394; x_wconf 89' lang='lat' dir='ltr'>der</span> <span class='ocrx_word' id='word_1_190' title='bbox 1221 1361 1382 1398; x_wconf 85' lang='lat' dir='ltr'>Consuln;</span> <span class='ocrx_word' id='word_1_191' title='bbox 1420 1361 1494 1394; x_wconf 89' lang='lat' dir='ltr'>Val.</span> 
     </span>
     <span class='ocr_line' id='line_1_23' title="bbox 812 1405 1074 1443; baseline 0.004 -6"><span class='ocrx_word' id='word_1_192' title='bbox 812 1405 900 1438; x_wconf 88' lang='lat' dir='ltr'>Max.</span> <span class='ocrx_word' id='word_1_193' title='bbox 926 1407 957 1443; x_wconf 86' lang='lat'>4,</span> <span class='ocrx_word' id='word_1_194' title='bbox 988 1408 1016 1443; x_wconf 73' lang='grc'>1,</span> <span class='ocrx_word' id='word_1_195' title='bbox 1041 1407 1074 1438; x_wconf 89' lang='grc'>9.</span> 
     </span>
    </p>
   </div>
   <div class='ocr_carea' id='block_1_5' title="bbox 63 1359 743 1448">
    <p class='ocr_par' dir='ltr' id='par_1_6' title="bbox 63 1359 743 1448">
     <span class='ocr_line' id='line_1_24' title="bbox 63 1359 742 1403; baseline 0.001 -11"><span class='ocrx_word' id='word_1_196' title='bbox 63 1359 340 1393; x_wconf 77' lang='lat' dir='ltr'>wahrscheinlich</span> <span class='ocrx_word' id='word_1_197' title='bbox 357 1360 460 1393; x_wconf 88' lang='lat' dir='ltr'>durch</span> <span class='ocrx_word' id='word_1_198' title='bbox 474 1360 742 1403; x_wconf 83' lang='lat' dir='ltr'>Ueberspringen</span> 
     </span>
     <span class='ocr_line' id='line_1_25' title="bbox 63 1406 743 1448; baseline 0.003 -12"><span class='ocrx_word' id='word_1_199' title='bbox 63 1415 130 1437; x_wconf 87' lang='lat' dir='ltr'>von</span> <span class='ocrx_word' id='word_1_200' title='bbox 157 1406 388 1448; x_wconf 75' lang='lat' dir='ltr'>hortatusque</span> <span class='ocrx_word' id='word_1_201' title='bbox 412 1406 471 1438; x_wconf 87' lang='lat' dir='ltr'>aus</span> <span class='ocrx_word' id='word_1_202' title='bbox 493 1410 598 1448; x_wconf 80' lang='lat' dir='ltr'>atque</span> <span class='ocrx_word' id='word_1_203' title='bbox 624 1416 743 1448; x_wconf 86' lang='lat' dir='ltr'>ausge-</span> 
     </span>
    </p>
   </div>
   <div class='ocr_carea' id='block_1_6' title="bbox 61 1449 743 2573">
    <p class='ocr_par' dir='ltr' id='par_1_7' title="bbox 61 1449 743 2573">
     <span class='ocr_line' id='line_1_26' title="bbox 63 1449 743 1493; baseline 0 -11"><span class='ocrx_word' id='word_1_204' title='bbox 63 1449 182 1487; x_wconf 85' lang='lat' dir='ltr'>fallen;</span> <span class='ocrx_word' id='word_1_205' title='bbox 216 1450 293 1484; x_wconf 89' lang='lat' dir='ltr'>dass</span> <span class='ocrx_word' id='word_1_206' title='bbox 318 1452 367 1483; x_wconf 90' lang='lat' dir='ltr'>sie</span> <span class='ocrx_word' id='word_1_207' title='bbox 391 1451 423 1483; x_wconf 90' lang='lat' dir='ltr'>in</span> <span class='ocrx_word' id='word_1_208' title='bbox 450 1452 507 1493; x_wconf 82' lang='lat' dir='ltr'>Sp.</span> <span class='ocrx_word' id='word_1_209' title='bbox 535 1450 661 1493; x_wconf 83' lang='lat' dir='ltr'>gefehlt</span> <span class='ocrx_word' id='word_1_210' title='bbox 688 1451 743 1483; x_wconf 88' lang='lat' dir='ltr'>ha-</span> 
     </span>
     <span class='ocr_line' id='line_1_27' title="bbox 63 1495 743 1536; baseline 0.001 -9"><span class='ocrx_word' id='word_1_211' title='bbox 63 1495 139 1536; x_wconf 88' lang='lat' dir='ltr'>ben,</span> <span class='ocrx_word' id='word_1_212' title='bbox 167 1495 249 1528; x_wconf 89' lang='lat' dir='ltr'>wird</span> <span class='ocrx_word' id='word_1_213' title='bbox 268 1495 360 1528; x_wconf 88' lang='lat' dir='ltr'>nicht</span> <span class='ocrx_word' id='word_1_214' title='bbox 378 1495 538 1535; x_wconf 86' lang='lat' dir='ltr'>bemerkt,</span> <span class='ocrx_word' id='word_1_215' title='bbox 565 1496 617 1528; x_wconf 93' lang='lat' dir='ltr'>die</span> <span class='ocrx_word' id='word_1_216' title='bbox 632 1495 743 1528; x_wconf 78' lang='lat' dir='ltr'>Lucke</span> 
     </span>
     <span class='ocr_line' id='line_1_28' title="bbox 64 1540 743 1574; baseline 0 -1"><span class='ocrx_word' id='word_1_217' title='bbox 64 1540 166 1573; x_wconf 86' lang='lat' dir='ltr'>durch</span> <span class='ocrx_word' id='word_1_218' title='bbox 204 1540 374 1574; x_wconf 82' lang='lat' dir='ltr'>dieselben</span> <span class='ocrx_word' id='word_1_219' title='bbox 413 1541 496 1574; x_wconf 90' lang='lat' dir='ltr'>nach</span> <span class='ocrx_word' id='word_1_220' title='bbox 535 1541 642 1573; x_wconf 83' lang='lat' dir='ltr'>lnhalt</span> <span class='ocrx_word' id='word_1_221' title='bbox 676 1541 743 1573; x_wconf 85' lang='lat' dir='ltr'>und</span> 
     </span>
     <span class='ocr_line' id='line_1_29' title="bbox 62 1585 743 1628; baseline 0 -10"><span class='ocrx_word' id='word_1_222' title='bbox 62 1585 240 1619; x_wconf 84' lang='lat' dir='ltr'>Ausdruck</span> <span class='ocrx_word' id='word_1_223' title='bbox 277 1586 422 1628; x_wconf 86' lang='lat' dir='ltr'>passend</span> <span class='ocrx_word' id='word_1_224' title='bbox 469 1586 662 1628; x_wconf 80' lang='lat' dir='ltr'>ausgesiillt.</span> <span class='ocrx_word' id='word_1_225' title='bbox 701 1605 743 1609; x_wconf 83' lang='lat'><em>-</em></span> 
     </span>
     <span class='ocr_line' id='line_1_30' title="bbox 67 1630 741 1664; baseline 0.002 -2"><span class='ocrx_word' id='word_1_226' title='bbox 67 1630 202 1662; x_wconf 74' lang='lat' dir='ltr'>Orilatz.</span> <span class='ocrx_word' id='word_1_227' title='bbox 224 1631 351 1663; x_wconf 81' lang='lat' dir='ltr'>verhalt</span> <span class='ocrx_word' id='word_1_228' title='bbox 363 1631 433 1664; x_wconf 86' lang='lat' dir='ltr'>sich</span> <span class='ocrx_word' id='word_1_229' title='bbox 449 1642 488 1663; x_wconf 92' lang='lat' dir='ltr'>zu</span> <span class='ocrx_word' id='word_1_230' title='bbox 503 1631 578 1663; x_wconf 91' lang='lat' dir='ltr'>dem</span> <span class='ocrx_word' id='word_1_231' title='bbox 598 1641 662 1663; x_wconf 82' lang='lat' dir='ltr'>von</span> <span class='ocrx_word' id='word_1_232' title='bbox 680 1631 741 1663; x_wconf 81' lang='lat' dir='ltr'>Po-</span> 
     </span>
     <span class='ocr_line' id='line_1_31' title="bbox 62 1671 742 1718; baseline -0.002 -11"><span class='ocrx_word' id='word_1_233' title='bbox 62 1675 133 1718; x_wconf 86' lang='lat' dir='ltr'>lyb.</span> <span class='ocrx_word' id='word_1_234' title='bbox 161 1675 384 1718; x_wconf 81' lang='lat' dir='ltr'>gebrauchten</span> <span class='ocrx_word' id='word_1_235' title='bbox 396 1671 572 1708; x_wconf 75' lang='grc' dir='ltr'><em>Ὠοειτῶι</em></span> <span class='ocrx_word' id='word_1_236' title='bbox 590 1676 654 1708; x_wconf 85' lang='lat' dir='ltr'>wie</span> <span class='ocrx_word' id='word_1_237' title='bbox 673 1675 742 1707; x_wconf 81' lang='lat' dir='ltr'>Me-</span> 
     </span>
     <span class='ocr_line' id='line_1_32' title="bbox 61 1720 740 1762; baseline -0.002 -8.991"><span class='ocrx_word' id='word_1_238' title='bbox 61 1720 282 1762; x_wconf 77' lang='lat' dir='ltr'>galopolitoe</span> <span class='ocrx_word' id='word_1_239' title='bbox 307 1722 325 1762; x_wconf 67' lang='grc' dir='ltr'><strong><em>ξ</em></strong></span> <span class='ocrx_word' id='word_1_240' title='bbox 341 1723 360 1754; x_wconf 87' lang='grc'><strong>6</strong></span> <span class='ocrx_word' id='word_1_241' title='bbox 379 1731 418 1753; x_wconf 91' lang='lat' dir='ltr'>zu</span> <span class='ocrx_word' id='word_1_242' title='bbox 434 1721 740 1762; x_wconf 57' lang='lat' dir='ltr'>illegalopolllani.</span> 
     </span>
     <span class='ocr_line' id='line_1_33' title="bbox 62 1765 740 1807; baseline 0.003 -11"><span class='ocrx_word' id='word_1_243' title='bbox 62 1784 106 1789; x_wconf 88' lang='lat'>—-</span> <span class='ocrx_word' id='word_1_244' title='bbox 130 1766 274 1807; x_wconf 55' lang='lat' dir='ltr'>fogere,</span> <span class='ocrx_word' id='word_1_245' title='bbox 309 1765 410 1798; x_wconf 84' lang='lat' dir='ltr'>durch</span> <span class='ocrx_word' id='word_1_246' title='bbox 438 1765 497 1798; x_wconf 85' lang='lat' dir='ltr'>(las</span> <span class='ocrx_word' id='word_1_247' title='bbox 523 1776 551 1798; x_wconf 91' lang='lat' dir='ltr'>c.</span> <span class='ocrx_word' id='word_1_248' title='bbox 578 1770 608 1800; x_wconf 68' lang='lat' dir='ltr'>f.</span> <span class='ocrx_word' id='word_1_249' title='bbox 633 1768 650 1798; x_wconf 85' lang='lat'>5</span> <span class='ocrx_word' id='word_1_250' title='bbox 679 1766 740 1798; x_wconf 89' lang='lat' dir='ltr'>Be-</span> 
     </span>
     <span class='ocr_line' id='line_1_34' title="bbox 63 1810 740 1852; baseline 0.001 -10"><span class='ocrx_word' id='word_1_251' title='bbox 63 1810 202 1843; x_wconf 87' lang='lat' dir='ltr'>richtete</span> <span class='ocrx_word' id='word_1_252' title='bbox 229 1810 310 1842; x_wconf 90' lang='lat' dir='ltr'>wird</span> <span class='ocrx_word' id='word_1_253' title='bbox 337 1810 429 1843; x_wconf 90' lang='lat' dir='ltr'>nicht</span> <span class='ocrx_word' id='word_1_254' title='bbox 446 1810 740 1852; x_wconf 87' lang='lat' dir='ltr'>ausgeschlossen,</span> 
     </span>
     <span class='ocr_line' id='line_1_35' title="bbox 62 1855 739 1898; baseline 0 -10"><span class='ocrx_word' id='word_1_255' title='bbox 62 1855 140 1888; x_wconf 88' lang='lat' dir='ltr'>dass</span> <span class='ocrx_word' id='word_1_256' title='bbox 166 1855 236 1888; x_wconf 89' lang='lat' dir='ltr'>sich</span> <span class='ocrx_word' id='word_1_257' title='bbox 256 1856 394 1888; x_wconf 85' lang='lat' dir='ltr'>manche</span> <span class='ocrx_word' id='word_1_258' title='bbox 420 1855 604 1898; x_wconf 79' lang='lat' dir='ltr'>gessiichtet</span> <span class='ocrx_word' id='word_1_259' title='bbox 621 1855 739 1888; x_wconf 89' lang='lat' dir='ltr'>haben.</span> 
     </span>
     <span class='ocr_line' id='line_1_36' title="bbox 61 1900 742 1943; baseline 0.001 -11"><span class='ocrx_word' id='word_1_260' title='bbox 61 1911 254 1933; x_wconf 81' lang='lat' dir='ltr'>—summo</span> <span class='ocrx_word' id='word_1_261' title='bbox 276 1911 358 1941; x_wconf 60' lang='lat' dir='ltr'>reta,</span> <span class='ocrx_word' id='word_1_262' title='bbox 383 1900 436 1933; x_wconf 89' lang='lat' dir='ltr'>die</span> <span class='ocrx_word' id='word_1_263' title='bbox 454 1900 671 1943; x_wconf 81' lang='lat' dir='ltr'>Verwaltung</span> <span class='ocrx_word' id='word_1_264' title='bbox 684 1900 742 1933; x_wconf 90' lang='lat' dir='ltr'>der</span> 
     </span>
     <span class='ocr_line' id='line_1_37' title="bbox 61 1945 742 1988; baseline -0.001 -10"><span class='ocrx_word' id='word_1_265' title='bbox 61 1945 267 1979; x_wconf 68' lang='lat' dir='ltr'>stfidtischen</span> <span class='ocrx_word' id='word_1_266' title='bbox 279 1945 600 1988; x_wconf 84' lang='lat' dir='ltr'>Angelegenheiten.</span> <span class='ocrx_word' id='word_1_267' title='bbox 611 1965 653 1970; x_wconf 88' lang='lat'>—</span> <span class='ocrx_word' id='word_1_268' title='bbox 664 1946 742 1978; x_wconf 80' lang='lat' dir='ltr'>Cas-</span> 
     </span>
     <span class='ocr_line' id='line_1_38' title="bbox 61 1990 741 2032; baseline 0.001 -10"><span class='ocrx_word' id='word_1_269' title='bbox 61 1991 176 2032; x_wconf 64' lang='lat' dir='ltr'>sand„</span> <span class='ocrx_word' id='word_1_270' title='bbox 207 1990 266 2024; x_wconf 92' lang='lat' dir='ltr'>das</span> <span class='ocrx_word' id='word_1_271' title='bbox 300 1990 430 2024; x_wconf 84' lang='lat' dir='ltr'>friihere</span> <span class='ocrx_word' id='word_1_272' title='bbox 463 1990 641 2031; x_wconf 83' lang='lat' dir='ltr'>Potidaea,</span> <span class='ocrx_word' id='word_1_273' title='bbox 676 2001 741 2023; x_wconf 79' lang='lat' dir='ltr'>von</span> 
     </span>
     <span class='ocr_line' id='line_1_39' title="bbox 61 2035 743 2079; baseline 0.001 -12"><span class='ocrx_word' id='word_1_274' title='bbox 61 2035 238 2079; x_wconf 87' lang='lat' dir='ltr'>Philippus</span> <span class='ocrx_word' id='word_1_275' title='bbox 255 2035 278 2068; x_wconf 95' lang='lat' dir='ltr'>l.</span> <span class='ocrx_word' id='word_1_276' title='bbox 298 2037 450 2077; x_wconf 73' lang='lat' dir='ltr'>zerstort,</span> <span class='ocrx_word' id='word_1_277' title='bbox 475 2046 541 2068; x_wconf 87' lang='lat' dir='ltr'>von</span> <span class='ocrx_word' id='word_1_278' title='bbox 557 2035 743 2069; x_wconf 87' lang='lat' dir='ltr'>Cassander</span> 
     </span>
     <span class='ocr_line' id='line_1_40' title="bbox 62 2080 743 2123; baseline 0.003 -12"><span class='ocrx_word' id='word_1_279' title='bbox 62 2080 188 2114; x_wconf 88' lang='lat' dir='ltr'>wieder</span> <span class='ocrx_word' id='word_1_280' title='bbox 225 2080 427 2123; x_wconf 81' lang='lat' dir='ltr'>ausgebaut,</span> <span class='ocrx_word' id='word_1_281' title='bbox 465 2083 520 2122; x_wconf 87' lang='lat'>44,</span> <span class='ocrx_word' id='word_1_282' title='bbox 559 2083 610 2121; x_wconf 85' lang='lat'>11,</span> <span class='ocrx_word' id='word_1_283' title='bbox 644 2083 674 2114; x_wconf 82' lang='lat'>2.</span> <span class='ocrx_word' id='word_1_284' title='bbox 700 2100 743 2104; x_wconf 93' lang='lat'>—-</span> 
     </span>
     <span class='ocr_line' id='line_1_41' title="bbox 63 2125 741 2168; baseline 0.001 -11"><span class='ocrx_word' id='word_1_285' title='bbox 63 2129 201 2158; x_wconf 78' lang='lat' dir='ltr'>centum</span> <span class='ocrx_word' id='word_1_286' title='bbox 226 2129 302 2167; x_wconf 72' lang='lat' dir='ltr'>etc,</span> <span class='ocrx_word' id='word_1_287' title='bbox 335 2130 403 2158; x_wconf 84' lang='lat' dir='ltr'>erst</span> <span class='ocrx_word' id='word_1_288' title='bbox 421 2126 527 2168; x_wconf 86' lang='lat' dir='ltr'>jetzt,</span> <span class='ocrx_word' id='word_1_289' title='bbox 560 2126 643 2158; x_wconf 91' lang='lat' dir='ltr'>nach</span> <span class='ocrx_word' id='word_1_290' title='bbox 679 2125 741 2158; x_wconf 90' lang='lat' dir='ltr'>den</span> 
     </span>
     <span class='ocr_line' id='line_1_42' title="bbox 63 2170 742 2213; baseline 0 -10"><span class='ocrx_word' id='word_1_291' title='bbox 63 2181 92 2203; x_wconf 89' lang='lat' dir='ltr'>c.</span> <span class='ocrx_word' id='word_1_292' title='bbox 108 2173 139 2211; x_wconf 87' lang='lat'>7,</span> <span class='ocrx_word' id='word_1_293' title='bbox 156 2173 167 2203; x_wconf 89' lang='lat' dir='ltr'>l</span> <span class='ocrx_word' id='word_1_294' title='bbox 195 2170 261 2203; x_wconf 86' lang='lat' dir='ltr'>und</span> <span class='ocrx_word' id='word_1_295' title='bbox 279 2171 331 2211; x_wconf 86' lang='lat'>27,</span> <span class='ocrx_word' id='word_1_296' title='bbox 345 2173 387 2204; x_wconf 88' lang='lat'>30</span> <span class='ocrx_word' id='word_1_297' title='bbox 413 2171 612 2213; x_wconf 82' lang='lat' dir='ltr'>gemachten</span> <span class='ocrx_word' id='word_1_298' title='bbox 628 2171 742 2203; x_wconf 86' lang='lat' dir='ltr'>Ersah-</span> 
     </span>
     <span class='ocr_line' id='line_1_43' title="bbox 62 2215 741 2258; baseline 0 -10"><span class='ocrx_word' id='word_1_299' title='bbox 62 2225 209 2258; x_wconf 87' lang='lat' dir='ltr'>rungen,</span> <span class='ocrx_word' id='word_1_300' title='bbox 240 2215 327 2248; x_wconf 85' lang='lat' dir='ltr'>sieht</span> <span class='ocrx_word' id='word_1_301' title='bbox 351 2215 528 2258; x_wconf 90' lang='lat' dir='ltr'>Philippus</span> <span class='ocrx_word' id='word_1_302' title='bbox 559 2217 632 2258; x_wconf 81' lang='lat' dir='ltr'>ein,</span> <span class='ocrx_word' id='word_1_303' title='bbox 664 2216 741 2249; x_wconf 90' lang='lat' dir='ltr'>dass</span> 
     </span>
     <span class='ocr_line' id='line_1_44' title="bbox 61 2259 740 2302; baseline 0.001 -10"><span class='ocrx_word' id='word_1_304' title='bbox 61 2260 129 2293; x_wconf 91' lang='lat' dir='ltr'>ihm</span> <span class='ocrx_word' id='word_1_305' title='bbox 161 2260 234 2293; x_wconf 88' lang='lat' dir='ltr'>eine</span> <span class='ocrx_word' id='word_1_306' title='bbox 268 2259 392 2302; x_wconf 87' lang='lat' dir='ltr'>Flotte,</span> <span class='ocrx_word' id='word_1_307' title='bbox 429 2261 482 2294; x_wconf 90' lang='lat' dir='ltr'>die</span> <span class='ocrx_word' id='word_1_308' title='bbox 517 2271 552 2294; x_wconf 90' lang='lat' dir='ltr'>er</span> <span class='ocrx_word' id='word_1_309' title='bbox 577 2261 740 2294; x_wconf 87' lang='lat' dir='ltr'>Hannibal</span> 
     </span>
     <span class='ocr_line' id='line_1_45' title="bbox 61 2305 740 2349; baseline -0.001 -10"><span class='ocrx_word' id='word_1_310' title='bbox 61 2305 165 2339; x_wconf 90' lang='lat' dir='ltr'>schon</span> <span class='ocrx_word' id='word_1_311' title='bbox 193 2307 248 2346; x_wconf 86' lang='lat'>23,</span> <span class='ocrx_word' id='word_1_312' title='bbox 274 2306 328 2346; x_wconf 87' lang='grc'>33,</span> <span class='ocrx_word' id='word_1_313' title='bbox 356 2307 395 2338; x_wconf 89' lang='grc'>10</span> <span class='ocrx_word' id='word_1_314' title='bbox 421 2306 644 2349; x_wconf 87' lang='lat' dir='ltr'>versprochen</span> <span class='ocrx_word' id='word_1_315' title='bbox 671 2305 740 2348; x_wconf 88' lang='lat' dir='ltr'>hat,</span> 
     </span>
     <span class='ocr_line' id='line_1_46' title="bbox 62 2350 739 2393; baseline 0.001 -10"><span class='ocrx_word' id='word_1_316' title='bbox 62 2350 317 2384; x_wconf 87' lang='lat' dir='ltr'>unentbehrlich</span> <span class='ocrx_word' id='word_1_317' title='bbox 343 2350 401 2382; x_wconf 88' lang='lat' dir='ltr'>sei.</span> <span class='ocrx_word' id='word_1_318' title='bbox 427 2370 470 2374; x_wconf 98' lang='lat'>—</span> <span class='ocrx_word' id='word_1_319' title='bbox 495 2353 628 2383; x_wconf 77' lang='lat' dir='ltr'>carinis</span> <span class='ocrx_word' id='word_1_320' title='bbox 641 2361 687 2393; x_wconf 89' lang='lat' dir='ltr'>p.,</span> <span class='ocrx_word' id='word_1_321' title='bbox 713 2361 739 2384; x_wconf 90' lang='lat' dir='ltr'>s.</span> 
     </span>
     <span class='ocr_line' id='line_1_47' title="bbox 62 2395 739 2437; baseline 0 -9"><span class='ocrx_word' id='word_1_322' title='bbox 62 2405 91 2428; x_wconf 90' lang='lat' dir='ltr'>c.</span> <span class='ocrx_word' id='word_1_323' title='bbox 118 2398 172 2437; x_wconf 89' lang='lat'>45,</span> <span class='ocrx_word' id='word_1_324' title='bbox 193 2397 246 2428; x_wconf 85' lang='lat'>21.</span> <span class='ocrx_word' id='word_1_325' title='bbox 261 2414 304 2419; x_wconf 90' lang='grc'>-</span> <span class='ocrx_word' id='word_1_326' title='bbox 320 2395 502 2427; x_wconf 67' lang='lat' dir='ltr'>Dardanis</span> <span class='ocrx_word' id='word_1_327' title='bbox 528 2396 642 2429; x_wconf 79' lang='lat' dir='ltr'>wtirde</span> <span class='ocrx_word' id='word_1_328' title='bbox 670 2396 739 2429; x_wconf 89' lang='lat' dir='ltr'>sich</span> 
     </span>
     <span class='ocr_line' id='line_1_48' title="bbox 63 2440 740 2482; baseline -0.001 -9"><span class='ocrx_word' id='word_1_329' title='bbox 63 2450 103 2473; x_wconf 88' lang='lat' dir='ltr'>an</span> <span class='ocrx_word' id='word_1_330' title='bbox 127 2440 187 2474; x_wconf 81' lang='lat' dir='ltr'>das</span> <span class='ocrx_word' id='word_1_331' title='bbox 201 2442 355 2482; x_wconf 82' lang='lat'>27‚33,1</span> <span class='ocrx_word' id='word_1_332' title='bbox 384 2440 628 2479; x_wconf 80' lang='lat' dir='ltr'>anschliessen3</span> <span class='ocrx_word' id='word_1_333' title='bbox 654 2441 740 2474; x_wconf 88' lang='lat' dir='ltr'>doch</span> 
     </span>
     <span class='ocr_line' id='line_1_49' title="bbox 61 2484 740 2523; baseline 0.001 -6"><span class='ocrx_word' id='word_1_334' title='bbox 61 2485 106 2518; x_wconf 88' lang='lat' dir='ltr'>ist</span> <span class='ocrx_word' id='word_1_335' title='bbox 141 2485 194 2519; x_wconf 89' lang='lat' dir='ltr'>die</span> <span class='ocrx_word' id='word_1_336' title='bbox 224 2485 341 2519; x_wconf 86' lang='lat' dir='ltr'>Lesart</span> <span class='ocrx_word' id='word_1_337' title='bbox 378 2484 549 2523; x_wconf 87' lang='lat' dir='ltr'>unsicher;</span> <span class='ocrx_word' id='word_1_338' title='bbox 586 2495 621 2519; x_wconf 88' lang='lat' dir='ltr'>es</span> <span class='ocrx_word' id='word_1_339' title='bbox 660 2485 740 2518; x_wconf 87' lang='lat' dir='ltr'>wird</span> 
     </span>
     <span class='ocr_line' id='line_1_50' title="bbox 63 2529 593 2573; baseline 0 -10"><span class='ocrx_word' id='word_1_340' title='bbox 63 2530 148 2563; x_wconf 88' lang='lat' dir='ltr'>nach</span> <span class='ocrx_word' id='word_1_341' title='bbox 174 2541 201 2563; x_wconf 94' lang='lat' dir='ltr'>c.</span> <span class='ocrx_word' id='word_1_342' title='bbox 228 2533 259 2573; x_wconf 87' lang='lat'>5,</span> <span class='ocrx_word' id='word_1_343' title='bbox 287 2533 303 2563; x_wconf 94' lang='lat'>7</span> <span class='ocrx_word' id='word_1_344' title='bbox 332 2529 466 2562; x_wconf 79' lang='lat' dir='ltr'>Maedis</span> <span class='ocrx_word' id='word_1_345' title='bbox 492 2540 593 2563; x_wconf 86' lang='lat' dir='ltr'>verm.</span> 
     </span>
    </p>
   </div>
   <div class='ocr_carea' id='block_1_7' title="bbox 810 1450 1496 2572">
    <p class='ocr_par' dir='ltr' id='par_1_8' title="bbox 810 1450 1496 1763">
     <span class='ocr_line' id='line_1_51' title="bbox 865 1450 1495 1490; baseline 0 -7"><span class='ocrx_word' id='word_1_346' title='bbox 865 1452 957 1483; x_wconf 81' lang='lat'><strong>1—2.</strong></span> <span class='ocrx_word' id='word_1_347' title='bbox 983 1450 1099 1490; x_wconf 78' lang='lat' dir='ltr'>filius,</span> <span class='ocrx_word' id='word_1_348' title='bbox 1133 1450 1409 1483; x_wconf 87' lang='lat' dir='ltr'>wahrscheinlich</span> <span class='ocrx_word' id='word_1_349' title='bbox 1437 1450 1495 1484; x_wconf 91' lang='lat' dir='ltr'>der</span> 
     </span>
     <span class='ocr_line' id='line_1_52' title="bbox 814 1496 1494 1537; baseline -0.001 -8"><span class='ocrx_word' id='word_1_350' title='bbox 814 1498 868 1535; x_wconf 83' lang='lat'>27,</span> <span class='ocrx_word' id='word_1_351' title='bbox 893 1497 945 1533; x_wconf 78' lang='lat'>29,</span> <span class='ocrx_word' id='word_1_352' title='bbox 968 1498 988 1529; x_wconf 91' lang='lat'>4</span> <span class='ocrx_word' id='word_1_353' title='bbox 1014 1496 1197 1535; x_wconf 74' lang='lat' dir='ltr'>erwahnte,</span> <span class='ocrx_word' id='word_1_354' title='bbox 1223 1496 1314 1528; x_wconf 89' lang='lat' dir='ltr'>nicht</span> <span class='ocrx_word' id='word_1_355' title='bbox 1340 1496 1392 1528; x_wconf 89' lang='lat' dir='ltr'>ein</span> <span class='ocrx_word' id='word_1_356' title='bbox 1413 1497 1494 1537; x_wconf 80' lang='lat' dir='ltr'>jiin-</span> 
     </span>
     <span class='ocr_line' id='line_1_53' title="bbox 814 1541 1494 1583; baseline 0.003 -11"><span class='ocrx_word' id='word_1_357' title='bbox 814 1550 919 1582; x_wconf 82' lang='lat' dir='ltr'>gerer,</span> <span class='ocrx_word' id='word_1_358' title='bbox 945 1550 972 1573; x_wconf 87' lang='lat' dir='ltr'>s.</span> <span class='ocrx_word' id='word_1_359' title='bbox 999 1542 1052 1583; x_wconf 91' lang='lat'>30,</span> <span class='ocrx_word' id='word_1_360' title='bbox 1079 1542 1132 1581; x_wconf 85' lang='lat'>26,</span> <span class='ocrx_word' id='word_1_361' title='bbox 1161 1543 1210 1573; x_wconf 87' lang='lat'>10.</span> <span class='ocrx_word' id='word_1_362' title='bbox 1237 1560 1279 1564; x_wconf 84' lang='lat'>—</span> <span class='ocrx_word' id='word_1_363' title='bbox 1307 1542 1372 1582; x_wconf 79' lang='lat' dir='ltr'>leg.</span> <span class='ocrx_word' id='word_1_364' title='bbox 1401 1552 1421 1572; x_wconf 87' lang='lat' dir='ltr'>a</span> <span class='ocrx_word' id='word_1_365' title='bbox 1448 1541 1494 1574; x_wconf 92' lang='lat' dir='ltr'>M.</span> 
     </span>
     <span class='ocr_line' id='line_1_54' title="bbox 814 1585 1492 1627; baseline 0.001 -10"><span class='ocrx_word' id='word_1_366' title='bbox 814 1585 903 1627; x_wconf 60' lang='lat' dir='ltr'>Lm,</span> <span class='ocrx_word' id='word_1_367' title='bbox 929 1587 983 1627; x_wconf 81' lang='lat'>27,</span> <span class='ocrx_word' id='word_1_368' title='bbox 1008 1588 1039 1625; x_wconf 81' lang='lat'>4,</span> <span class='ocrx_word' id='word_1_369' title='bbox 1067 1588 1096 1618; x_wconf 87' lang='lat'>5.</span> <span class='ocrx_word' id='word_1_370' title='bbox 1117 1604 1158 1608; x_wconf 85' lang='lat'>——</span> <span class='ocrx_word' id='word_1_371' title='bbox 1181 1585 1323 1617; x_wconf 79' lang='lat' dir='ltr'>Romam</span> <span class='ocrx_word' id='word_1_372' title='bbox 1351 1586 1398 1617; x_wconf 81' lang='lat' dir='ltr'>ad</span> <span class='ocrx_word' id='word_1_373' title='bbox 1421 1597 1492 1619; x_wconf 79' lang='lat' dir='ltr'>sen.</span> 
     </span>
     <span class='ocr_line' id='line_1_55' title="bbox 812 1630 1496 1673; baseline 0 -11"><span class='ocrx_word' id='word_1_374' title='bbox 812 1630 908 1671; x_wconf 88' lang='lat' dir='ltr'>wird,</span> <span class='ocrx_word' id='word_1_375' title='bbox 933 1630 1087 1673; x_wconf 82' lang='lat' dir='ltr'>obgleich</span> <span class='ocrx_word' id='word_1_376' title='bbox 1114 1640 1149 1663; x_wconf 86' lang='lat' dir='ltr'>es</span> <span class='ocrx_word' id='word_1_377' title='bbox 1175 1633 1229 1669; x_wconf 82' lang='lat'>40,</span> <span class='ocrx_word' id='word_1_378' title='bbox 1247 1632 1300 1671; x_wconf 89' lang='lat'>54,</span> <span class='ocrx_word' id='word_1_379' title='bbox 1318 1632 1355 1663; x_wconf 85' lang='lat'>9:</span> <span class='ocrx_word' id='word_1_380' title='bbox 1384 1631 1496 1672; x_wconf 80' lang='lat' dir='ltr'>legati</span> 
     </span>
     <span class='ocr_line' id='line_1_56' title="bbox 813 1674 1493 1715; baseline -0.001 -8"><span class='ocrx_word' id='word_1_381' title='bbox 813 1674 957 1707; x_wconf 80' lang='lat' dir='ltr'>Romam</span> <span class='ocrx_word' id='word_1_382' title='bbox 983 1675 1157 1715; x_wconf 77' lang='lat' dir='ltr'>fuerant,·</span> <span class='ocrx_word' id='word_1_383' title='bbox 1182 1675 1340 1707; x_wconf 80' lang='lat' dir='ltr'>Periocha</span> <span class='ocrx_word' id='word_1_384' title='bbox 1364 1677 1418 1708; x_wconf 71' lang='lat'>153:</span> <span class='ocrx_word' id='word_1_385' title='bbox 1447 1676 1493 1707; x_wconf 85' lang='lat' dir='ltr'>le-</span> 
     </span>
     <span class='ocr_line' id='line_1_57' title="bbox 810 1720 1493 1763; baseline 0.001 -11"><span class='ocrx_word' id='word_1_386' title='bbox 810 1725 919 1762; x_wconf 77' lang='lat' dir='ltr'>gatus</span> <span class='ocrx_word' id='word_1_387' title='bbox 945 1731 964 1751; x_wconf 84' lang='lat' dir='ltr'><em>a</em></span> <span class='ocrx_word' id='word_1_388' title='bbox 980 1720 1120 1763; x_wconf 75' lang='lat' dir='ltr'>Pyrrho</span> <span class='ocrx_word' id='word_1_389' title='bbox 1136 1720 1184 1751; x_wconf 81' lang='lat' dir='ltr'>ad</span> <span class='ocrx_word' id='word_1_390' title='bbox 1198 1725 1358 1752; x_wconf 78' lang='lat' dir='ltr'>senatum</span> <span class='ocrx_word' id='word_1_391' title='bbox 1379 1721 1493 1759; x_wconf 85' lang='lat' dir='ltr'>heisst,</span> 
     </span>
    </p>

    <p class='ocr_par' dir='ltr' id='par_1_9' title="bbox 811 1764 1494 1888">
     <span class='ocr_line' id='line_1_58' title="bbox 812 1764 1492 1807; baseline 0.003 -11.078"><span class='ocrx_word' id='word_1_392' title='bbox 812 1765 876 1797; x_wconf 84' lang='lat' dir='ltr'>wie</span> <span class='ocrx_word' id='word_1_393' title='bbox 903 1765 1041 1797; x_wconf 72' lang='lat' dir='ltr'>[literae</span> <span class='ocrx_word' id='word_1_394' title='bbox 1067 1766 1108 1796; x_wconf 81' lang='lat' dir='ltr'>ab</span> <span class='ocrx_word' id='word_1_395' title='bbox 1126 1784 1149 1787; x_wconf 87' lang='lat'><em>—</em></span> <span class='ocrx_word' id='word_1_396' title='bbox 1168 1764 1215 1796; x_wconf 80' lang='lat' dir='ltr'>ud</span> <span class='ocrx_word' id='word_1_397' title='bbox 1238 1775 1269 1797; x_wconf 92' lang='lat' dir='ltr'>u.</span> <span class='ocrx_word' id='word_1_398' title='bbox 1289 1765 1317 1797; x_wconf 66' lang='grc' dir='ltr'>ᾗ.</span> <span class='ocrx_word' id='word_1_399' title='bbox 1344 1775 1370 1798; x_wconf 89' lang='lat' dir='ltr'>c.</span> <span class='ocrx_word' id='word_1_400' title='bbox 1396 1768 1446 1806; x_wconf 88' lang='lat'>10,</span> <span class='ocrx_word' id='word_1_401' title='bbox 1461 1768 1492 1807; x_wconf 80' lang='lat'>5,</span> 
     </span>
     <span class='ocr_line' id='line_1_59' title="bbox 811 1809 1494 1843; baseline 0.001 -1"><span class='ocrx_word' id='word_1_402' title='bbox 811 1809 898 1842; x_wconf 88' lang='lat' dir='ltr'>doch</span> <span class='ocrx_word' id='word_1_403' title='bbox 936 1810 1049 1843; x_wconf 87' lang='lat' dir='ltr'>besser</span> <span class='ocrx_word' id='word_1_404' title='bbox 1086 1810 1145 1842; x_wconf 87' lang='lat' dir='ltr'>mit</span> <span class='ocrx_word' id='word_1_405' title='bbox 1182 1813 1380 1842; x_wconf 79' lang='lat' dir='ltr'>nmzlzassec</span> <span class='ocrx_word' id='word_1_406' title='bbox 1420 1820 1494 1843; x_wconf 90' lang='lat' dir='ltr'>ver-</span> 
     </span>
     <span class='ocr_line' id='line_1_60' title="bbox 811 1854 1494 1896; baseline 0.001 -9"><span class='ocrx_word' id='word_1_407' title='bbox 811 1854 958 1895; x_wconf 88' lang='lat' dir='ltr'>bunden,</span> <span class='ocrx_word' id='word_1_408' title='bbox 984 1865 1020 1887; x_wconf 89' lang='lat' dir='ltr'>so</span> <span class='ocrx_word' id='word_1_409' title='bbox 1047 1857 1215 1887; x_wconf 71' lang='lat' dir='ltr'>nuntiare</span> <span class='ocrx_word' id='word_1_410' title='bbox 1232 1854 1389 1895; x_wconf 80' lang='lat' dir='ltr'>Romam,</span> <span class='ocrx_word' id='word_1_411' title='bbox 1415 1858 1446 1896; x_wconf 93' lang='lat'>4,</span> <span class='ocrx_word' id='word_1_412' title='bbox 1462 1857 1494 1896; x_wconf 82' lang='lat'>9,</span> 
     </span>
    </p>

    <p class='ocr_par' dir='ltr' id='par_1_10' title="bbox 810 1899 1493 2168">
     <span class='ocr_line' id='line_1_61' title="bbox 865 1899 1493 1942; baseline 0 -10"><span class='ocrx_word' id='word_1_413' title='bbox 865 1900 941 1938; x_wconf 87' lang='lat' dir='ltr'>;ib.</span> <span class='ocrx_word' id='word_1_414' title='bbox 969 1901 1022 1941; x_wconf 85' lang='lat'>50,</span> <span class='ocrx_word' id='word_1_415' title='bbox 1047 1902 1082 1937; x_wconf 84' lang='lat'>6;</span> <span class='ocrx_word' id='word_1_416' title='bbox 1110 1901 1164 1941; x_wconf 82' lang='lat'>26,</span> <span class='ocrx_word' id='word_1_417' title='bbox 1189 1901 1320 1942; x_wconf 81' lang='lat'>27,10:</span> <span class='ocrx_word' id='word_1_418' title='bbox 1349 1899 1493 1932; x_wconf 78' lang='lat' dir='ltr'>Romam</span> 
     </span>
     <span class='ocr_line' id='line_1_62' title="bbox 813 1944 1493 1988; baseline 0.003 -12"><span class='ocrx_word' id='word_1_419' title='bbox 813 1945 860 1977; x_wconf 80' lang='lat' dir='ltr'>ad</span> <span class='ocrx_word' id='word_1_420' title='bbox 883 1948 1143 1984; x_wconf 74' lang='lat' dir='ltr'>senatumzre;</span> <span class='ocrx_word' id='word_1_421' title='bbox 1175 1944 1434 1984; x_wconf 79' lang='lat' dir='ltr'>Plaut.Mi1.·2‚</span> <span class='ocrx_word' id='word_1_422' title='bbox 1464 1948 1493 1988; x_wconf 90' lang='lat'>1,</span> 
     </span>
     <span class='ocr_line' id='line_1_63' title="bbox 812 1970 1493 2030; baseline -0.003 -7"><span class='ocrx_word' id='word_1_423' title='bbox 812 1992 873 2024; x_wconf 87' lang='lat'>38:</span> <span class='ocrx_word' id='word_1_424' title='bbox 906 1990 1091 2030; x_wconf 76' lang='lat' dir='ltr'>i&#39;nscendo,</span> <span class='ocrx_word' id='word_1_425' title='bbox 1125 1994 1164 2022; x_wconf 79' lang='lat' dir='ltr'>ut</span> <span class='ocrx_word' id='word_1_426' title='bbox 1195 2000 1270 2021; x_wconf 78' lang='lat' dir='ltr'>eam</span> <span class='ocrx_word' id='word_1_427' title='bbox 1296 2001 1368 2021; x_wconf 80' lang='lat' dir='ltr'>rem</span> <span class='ocrx_word' id='word_1_428' title='bbox 1394 1970 1493 2021; x_wconf 59' lang='lat' dir='ltr'><em>N&#39;au-</em></span> 
     </span>
     <span class='ocr_line' id='line_1_64' title="bbox 810 2035 1491 2078; baseline 0 -11"><span class='ocrx_word' id='word_1_429' title='bbox 810 2039 954 2078; x_wconf 77' lang='lat' dir='ltr'>pactum</span> <span class='ocrx_word' id='word_1_430' title='bbox 985 2035 1032 2067; x_wconf 76' lang='lat' dir='ltr'>ml</span> <span class='ocrx_word' id='word_1_431' title='bbox 1056 2045 1153 2066; x_wconf 79' lang='lat' dir='ltr'>erum</span> <span class='ocrx_word' id='word_1_432' title='bbox 1183 2037 1364 2074; x_wconf 70' lang='lat' dir='ltr'>nuntiem5</span> <span class='ocrx_word' id='word_1_433' title='bbox 1398 2036 1491 2078; x_wconf 82' lang='lat' dir='ltr'>capt.</span> 
     </span>
     <span class='ocr_line' id='line_1_65' title="bbox 813 2079 1491 2122; baseline -0.001 -9"><span class='ocrx_word' id='word_1_434' title='bbox 813 2082 844 2121; x_wconf 84' lang='lat'>2,</span> <span class='ocrx_word' id='word_1_435' title='bbox 859 2082 890 2119; x_wconf 83' lang='lat'>2,</span> <span class='ocrx_word' id='word_1_436' title='bbox 910 2082 992 2122; x_wconf 84' lang='grc' dir='ltr'>11ος</span> <span class='ocrx_word' id='word_1_437' title='bbox 1019 2079 1163 2111; x_wconf 80' lang='lat' dir='ltr'>Romam</span> <span class='ocrx_word' id='word_1_438' title='bbox 1191 2079 1237 2111; x_wconf 76' lang='lat' dir='ltr'>acl</span> <span class='ocrx_word' id='word_1_439' title='bbox 1252 2090 1321 2112; x_wconf 80' lang='lat' dir='ltr'>sen.</span> <span class='ocrx_word' id='word_1_440' title='bbox 1343 2080 1387 2111; x_wconf 91' lang='lat' dir='ltr'>ist</span> <span class='ocrx_word' id='word_1_441' title='bbox 1404 2079 1491 2112; x_wconf 85' lang='lat' dir='ltr'>dann</span> 
     </span>
     <span class='ocr_line' id='line_1_66' title="bbox 813 2124 1491 2168; baseline -0.001 -11"><span class='ocrx_word' id='word_1_442' title='bbox 813 2130 934 2168; x_wconf 81' lang='lat' dir='ltr'>gesagt</span> <span class='ocrx_word' id='word_1_443' title='bbox 964 2125 1028 2157; x_wconf 88' lang='lat' dir='ltr'>wie</span> <span class='ocrx_word' id='word_1_444' title='bbox 1066 2128 1092 2166; x_wconf 95' lang='grc'>1,</span> <span class='ocrx_word' id='word_1_445' title='bbox 1121 2127 1173 2166; x_wconf 85' lang='grc'>59,</span> <span class='ocrx_word' id='word_1_446' title='bbox 1204 2127 1242 2157; x_wconf 84' lang='lat'>12</span> <span class='ocrx_word' id='word_1_447' title='bbox 1269 2124 1422 2156; x_wconf 75' lang='lat' dir='ltr'>Ardeam</span> <span class='ocrx_word' id='word_1_448' title='bbox 1455 2128 1491 2156; x_wconf 72' lang='lat' dir='ltr'>in</span> 
     </span>
    </p>

    <p class='ocr_par' dir='ltr' id='par_1_11' title="bbox 813 2171 1042 2202">
     <span class='ocr_line' id='line_1_67' title="bbox 813 2171 1042 2202; baseline 0 0"><span class='ocrx_word' id='word_1_449' title='bbox 813 2175 930 2202; x_wconf 76' lang='lat' dir='ltr'>eastra</span> <span class='ocrx_word' id='word_1_450' title='bbox 957 2180 988 2202; x_wconf 89' lang='lat' dir='ltr'>u.</span> <span class='ocrx_word' id='word_1_451' title='bbox 1015 2171 1042 2202; x_wconf 63' lang='grc' dir='ltr'>ὃ.</span> 
     </span>
    </p>

    <p class='ocr_par' dir='ltr' id='par_1_12' title="bbox 810 2213 1493 2572">
     <span class='ocr_line' id='line_1_68' title="bbox 857 2213 1493 2254; baseline -0.003 -5"><span class='ocrx_word' id='word_1_452' title='bbox 857 2217 954 2249; x_wconf 88' lang='lat'>3—5.</span> <span class='ocrx_word' id='word_1_453' title='bbox 981 2214 1158 2254; x_wconf 76' lang='lat' dir='ltr'>interfuit,</span> <span class='ocrx_word' id='word_1_454' title='bbox 1184 2224 1245 2246; x_wconf 90' lang='lat' dir='ltr'>nnr</span> <span class='ocrx_word' id='word_1_455' title='bbox 1269 2213 1328 2246; x_wconf 85' lang='lat' dir='ltr'>das</span> <span class='ocrx_word' id='word_1_456' title='bbox 1348 2224 1416 2246; x_wconf 85' lang='lat' dir='ltr'>war</span> <span class='ocrx_word' id='word_1_457' title='bbox 1435 2214 1493 2247; x_wconf 89' lang='lat' dir='ltr'>der</span> 
     </span>
     <span class='ocr_line' id='line_1_69' title="bbox 811 2258 1490 2301; baseline -0.001 -8"><span class='ocrx_word' id='word_1_458' title='bbox 811 2259 1052 2301; x_wconf 82' lang='lat' dir='ltr'>Unterschied,</span> <span class='ocrx_word' id='word_1_459' title='bbox 1093 2259 1239 2292; x_wconf 85' lang='lat' dir='ltr'>dadurch</span> <span class='ocrx_word' id='word_1_460' title='bbox 1278 2258 1490 2292; x_wconf 86' lang='lat' dir='ltr'>unterschied</span> 
     </span>
     <span class='ocr_line' id='line_1_70' title="bbox 810 2303 1491 2347; baseline -0.001 -9"><span class='ocrx_word' id='word_1_461' title='bbox 810 2305 881 2338; x_wconf 91' lang='lat' dir='ltr'>sich</span> <span class='ocrx_word' id='word_1_462' title='bbox 895 2305 954 2337; x_wconf 91' lang='lat' dir='ltr'>der</span> <span class='ocrx_word' id='word_1_463' title='bbox 964 2305 1043 2337; x_wconf 74' lang='lat' dir='ltr'>tiber</span> <span class='ocrx_word' id='word_1_464' title='bbox 1055 2304 1140 2337; x_wconf 88' lang='lat' dir='ltr'>Nero</span> <span class='ocrx_word' id='word_1_465' title='bbox 1153 2303 1298 2347; x_wconf 87' lang='lat' dir='ltr'>gesasste</span> <span class='ocrx_word' id='word_1_466' title='bbox 1310 2303 1491 2337; x_wconf 88' lang='lat' dir='ltr'>Beschluss</span> 
     </span>
     <span class='ocr_line' id='line_1_71' title="bbox 810 2349 1491 2389; baseline -0.001 -6"><span class='ocrx_word' id='word_1_467' title='bbox 810 2361 875 2383; x_wconf 78' lang='lat' dir='ltr'>von</span> <span class='ocrx_word' id='word_1_468' title='bbox 902 2350 975 2383; x_wconf 87' lang='lat' dir='ltr'>dem</span> <span class='ocrx_word' id='word_1_469' title='bbox 1002 2349 1160 2389; x_wconf 84' lang='lat' dir='ltr'>anderen,</span> <span class='ocrx_word' id='word_1_470' title='bbox 1185 2359 1210 2381; x_wconf 88' lang='lat' dir='ltr'>s.</span> <span class='ocrx_word' id='word_1_471' title='bbox 1239 2350 1292 2388; x_wconf 78' lang='lat'>26,</span> <span class='ocrx_word' id='word_1_472' title='bbox 1314 2351 1491 2388; x_wconf 83' lang='lat'><strong>11‚13.—</strong></span> 
     </span>
     <span class='ocr_line' id='line_1_72' title="bbox 811 2394 1490 2436; baseline -0.001 -9"><span class='ocrx_word' id='word_1_473' title='bbox 811 2396 952 2435; x_wconf 83' lang='lat' dir='ltr'>reducz&#39;,</span> <span class='ocrx_word' id='word_1_474' title='bbox 989 2405 1014 2427; x_wconf 88' lang='lat' dir='ltr'>s.</span> <span class='ocrx_word' id='word_1_475' title='bbox 1049 2398 1079 2434; x_wconf 89' lang='lat'>5,</span> <span class='ocrx_word' id='word_1_476' title='bbox 1106 2396 1159 2432; x_wconf 83' lang='lat'>27,</span> <span class='ocrx_word' id='word_1_477' title='bbox 1191 2396 1245 2427; x_wconf 86' lang='lat'>15:</span> <span class='ocrx_word' id='word_1_478' title='bbox 1282 2404 1368 2436; x_wconf 81' lang='lat' dir='ltr'>poce</span> <span class='ocrx_word' id='word_1_479' title='bbox 1407 2394 1490 2426; x_wconf 80' lang='lat' dir='ltr'>(Iota</span> 
     </span>
     <span class='ocr_line' id='line_1_73' title="bbox 812 2439 1491 2480; baseline 0 -8"><span class='ocrx_word' id='word_1_480' title='bbox 812 2443 987 2472; x_wconf 75' lang='lat' dir='ltr'>eoeercitus</span> <span class='ocrx_word' id='word_1_481' title='bbox 1006 2439 1149 2471; x_wconf 77' lang='lat' dir='ltr'>Romam</span> <span class='ocrx_word' id='word_1_482' title='bbox 1175 2439 1358 2479; x_wconf 77' lang='lat' dir='ltr'>reductus;</span> <span class='ocrx_word' id='word_1_483' title='bbox 1388 2441 1418 2480; x_wconf 89' lang='grc'>6,</span> <span class='ocrx_word' id='word_1_484' title='bbox 1437 2440 1491 2480; x_wconf 87' lang='grc'>33,</span> 
     </span>
     <span class='ocr_line' id='line_1_74' title="bbox 816 2483 1491 2527; baseline -0.003 -9"><span class='ocrx_word' id='word_1_485' title='bbox 816 2486 873 2520; x_wconf 80' lang='grc'>12;</span> <span class='ocrx_word' id='word_1_486' title='bbox 898 2487 951 2527; x_wconf 86' lang='grc'>36,</span> <span class='ocrx_word' id='word_1_487' title='bbox 967 2486 1018 2523; x_wconf 87' lang='grc'>31,</span> <span class='ocrx_word' id='word_1_488' title='bbox 1035 2486 1054 2517; x_wconf 92' lang='grc'>6</span> <span class='ocrx_word' id='word_1_489' title='bbox 1081 2495 1109 2516; x_wconf 91' lang='lat' dir='ltr'>u.</span> <span class='ocrx_word' id='word_1_490' title='bbox 1127 2493 1167 2521; x_wconf 92' lang='lat' dir='ltr'>a.,</span> <span class='ocrx_word' id='word_1_491' title='bbox 1192 2483 1406 2526; x_wconf 71' lang='lat' dir='ltr'>gewdhnlich</span> <span class='ocrx_word' id='word_1_492' title='bbox 1433 2484 1491 2516; x_wconf 85' lang='lat' dir='ltr'>de-</span> 
     </span>
     <span class='ocr_line' id='line_1_75' title="bbox 814 2529 1491 2572; baseline -0.003 -10"><span class='ocrx_word' id='word_1_493' title='bbox 814 2531 906 2572; x_wconf 70' lang='lat' dir='ltr'>duci,</span> <span class='ocrx_word' id='word_1_494' title='bbox 933 2529 995 2562; x_wconf 88' lang='lat' dir='ltr'>wie</span> <span class='ocrx_word' id='word_1_495' title='bbox 1021 2530 1094 2571; x_wconf 73' lang='lat'>§1;</span> <span class='ocrx_word' id='word_1_496' title='bbox 1125 2530 1176 2562; x_wconf 90' lang='lat'>10.</span> <span class='ocrx_word' id='word_1_497' title='bbox 1203 2547 1245 2552; x_wconf 95' lang='lat'>-—-</span> <span class='ocrx_word' id='word_1_498' title='bbox 1272 2531 1491 2561; x_wconf 72' lang='lat' dir='ltr'>iusserunt—</span> 
     </span>
    </p>
   </div>
   <div class='ocr_carea' id='block_1_8' title="bbox 1157 2583 1217 2618">
    <p class='ocr_par' dir='ltr' id='par_1_13' title="bbox 1157 2583 1217 2618">
     <span class='ocr_line' id='line_1_76' title="bbox 1157 2583 1217 2618; baseline -0.017 0"><span class='ocrx_word' id='word_1_499' title='bbox 1157 2583 1217 2618; x_wconf 88' lang='lat'>10*</span> 
     </span>
    </p>
   </div>
  </div>
 </body>
</html>
