1732 2840
29 96 55 116 a.
73 87 124 114 Ch.
144 87 203 114 205.

485 73 608 107 LlBER
632 73 775 107 xxvllt.
823 74 916 107 CAP.
941 75 996 107 42.

1375 71 1452 111 231

28 190 207 238 ducibus,
230 195 416 241 quantum
439 188 485 228 ab
509 187 665 227 Indibili
688 195 725 227 et
747 188 967 235 Mandonio,
990 189 1029 227 in
1053 188 1166 227 tidem
1181 188 1364 240 acceptis,
1386 201 1454 240 pe-

28 246 141 287 riculi
174 246 256 286 suit.

317 245 494 285 Numidis
514 251 555 284 tu
578 245 735 284 credere
758 252 882 297 potes,
902 245 1159 284 defectionem
1181 245 1346 284 militum
1369 251 1457 284 tuo·
1478 252 1497 284 9

30 315 117 343 111111
149 300 360 355 expertus?
393 309 429 341 et
460 301 615 353 Syphax
647 308 683 340 et
703 301 903 341 Masinissa
925 315 965 340 se
988 315 1103 353 quam
1125 301 1456 353 Carthaginiensis

30 360 181 400 malunt
202 359 374 412 potentis
394 359 434 397 in
458 358 584 397 Africa
607 370 704 404 esse,
736 358 1066 410 Carthaginiensis
1089 371 1202 410 quam
1221 371 1454 410 quemquam

30 417 158 456 alium.

219 428 325 455 nunc
356 415 444 454 illos
474 414 679 453 aemulatio
711 415 812 454 inter
842 427 882 454 se
904 423 941 454 et
963 428 1099 454 omnes
1120 428 1257 454 causae
1279 416 1457 455 certami-
1480 421 1518 453 10

30 485 124 512 num
146 480 304 520 acuunt,
337 472 426 524 quia
448 471 585 524 procul
607 478 793 511 externus
824 478 950 511 metus
981 478 1057 511 est:
1091 473 1252 511 ostende
1283 472 1457 512 Romana

29 542 133 570 arma
165 535 203 568 et
225 529 436 569 exercitum
458 528 729 578 alienigenam,
761 528 865 568 velut
895 529 941 567 ad
973 541 1181 568 commune
1209 529 1456 579 restinguen-

29 587 122 626 dum
143 586 368 625 incendium
391 592 639 625 concurrent.
672 585 782 624 aliter
804 585 928 624 eidem
950 585 1004 623 illi
1026 585 1365 636 Carthaginienses
1388 585 1455 624 Hi·
1480 591 1514 623 11

30 643 205 695 spaniam
227 643 499 689 defenderunt,
531 642 643 681 aliter
664 642 818 681 moenia
849 643 1006 694 patriae,
1038 641 1182 694 templa
1213 642 1342 689 deum,
1372 654 1457 681 aras

30 706 68 740 et
96 700 207 739 focos
237 699 460 746 defendent,
491 711 580 738 cum
613 699 741 738 euntis
762 699 800 737 in
825 699 1017 751 proelium
1040 699 1174 750 pavida
1197 705 1457 750 prosequetur

29 757 200 796 coniunx
225 763 262 795 et
282 756 388 807 parvi
410 755 523 794 liberi
545 755 822 795 occursabunt.
855 756 947 807 quid
970 754 1119 807 porro?
1150 756 1181 794 si
1203 756 1296 794 satis
1318 755 1455 794 confisi
1480 759 1516 791 12

30 813 372 864 Carthaginienses
393 825 589 851 consensu
612 813 775 859 Africae,
806 813 879 851 fide
911 813 1107 851 sociorum
1129 824 1279 862 regum,
1304 812 1455 851 moeni-

28 870 102 909 bus
133 870 226 916 suis,
258 881 347 908 eum
380 876 445 908 tuo
478 869 749 921 exercitusque
781 869 837 908 tui
871 869 1062 920 praesidio
1095 868 1277 908 nudatam
1309 868 1457 907 ltaliam

27 926 215 973 viderint,
246 926 350 965 ultro
381 925 456 977 ipsi
483 938 626 965 novum
658 926 868 965 exercitum
904 925 944 964 in
979 925 1126 964 Italiam
1160 932 1225 964 aut
1254 937 1299 963 ex
1329 925 1458 964 Africa

28 983 218 1029 miserint,
240 990 305 1022 aut
326 982 544 1033 Magonem,
577 995 692 1034 quem
713 995 733 1021 a
755 982 972 1021 Baliaribus
993 981 1115 1020 classe
1137 981 1362 1020 transmissa
1383 981 1458 1020 iam
1484 985 1518 1017 13

0 1085 2 1087 ,
29 1046 182 1092 praeter
212 1051 320 1078 oram
341 1039 529 1090 Ligurum
552 1039 785 1090 Alpinorum
817 1039 957 1078 vectari
979 1045 1145 1085 constat,
1177 1038 1386 1077 Hannibali
1417 1051 1459 1078 se

29 1096 271 1146 coniungere
292 1094 507 1134 iusserint?
538 1107 679 1147 nempe
710 1095 749 1134 in
782 1095 916 1134 eodem
948 1101 1096 1134 terrore
1127 1095 1286 1142 erimus,
1317 1096 1357 1133 in
1380 1108 1457 1147 quo
1482 1098 1520 1130 14

29 1166 156 1205 nuper
186 1152 344 1200 fuimus,
375 1164 465 1191 cum
486 1152 703 1191 Hasdrubal
724 1152 763 1191 in
785 1151 933 1191 Italiam
965 1152 1227 1199 transcendit,
1261 1164 1377 1204 quem
1398 1158 1453 1198 tu,

28 1211 95 1262 qui
117 1221 196 1248 non
219 1209 346 1248 solum
367 1208 640 1259 Carthaginem
663 1209 728 1248 sed
751 1220 908 1248 omnem
930 1209 1097 1248 Africani
1129 1209 1302 1248 exercitu
1325 1215 1390 1248 tuo
1416 1221 1456 1248 es

27 1266 245 1314 clausurus,
268 1278 288 1304 e
309 1265 489 1304 manibus
511 1265 587 1304 tuis
608 1265 649 1304 in
670 1265 818 1305 Italiam
841 1265 1014 1305 emisisti.

28 1355 81 1388 die
98 1354 350 1397 Treulosigkeit
374 1353 433 1387 der
449 1354 630 1387 Celtiberer
655 1354 708 1387 die

27 1399 177 1443 Angriffe
211 1399 269 1433 der
301 1400 424 1432 Punier
455 1403 523 1432 erst
561 1399 707 1443 moglich

27 1445 171 1478 machte.
195 1464 240 1468 —
265 1449 436 1487 quantum
461 1444 547 1477 ohne
568 1448 708 1477 tantum

28 1501 55 1524 s.
81 1492 134 1531 30,
163 1492 215 1530 19,
242 1493 276 1529 1;
303 1492 356 1533 21,
383 1492 435 1530 31,
461 1491 491 1523 2.
512 1509 556 1514 —-
583 1489 707 1522 Numi-

28 1536 82 1568 dis
94 1539 170 1574 etc„
196 1536 335 1569 Schluss
361 1545 378 1568 a
393 1536 520 1568 minore
536 1535 576 1568 ad
589 1536 707 1568 maius.

27 1601 71 1605 —
99 1580 405 1623 Carthaginiensis
430 1593 459 1622 q.
494 1591 526 1613 n.
550 1584 708 1622 petentes

29 1637 110 1666 esse,
135 1626 187 1658 bei
214 1636 424 1667 quemquam
449 1626 560 1657 allum
585 1626 629 1658 ist.
653 1636 710 1658 zu-

28 1670 149 1704 nachst
179 1680 220 1703 311
252 1670 306 1702 (113
337 1670 458 1702 Romer
491 1680 531 1702 zu
564 1670 710 1711 denkeu,

30 1716 114 1749 nach
143 1715 262 1748 Carth.
288 1726 329 1747 zu
355 1717 521 1758 erganzen
547 1726 582 1748 se
607 1715 710 1749 leidet

28 1761 87 1794 der
110 1761 403 1803 Zusammenhang
428 1760 531 1794 nicht.

77 1808 220 1841 10-11.
242 1806 317 1838 Alle
339 1805 463 1838 Volker
476 1806 604 1839 Africas
625 1816 708 1839 wer-

28 1851 93 1884 den
119 1851 190 1885 sich
204 1861 312 1894 gegen
326 1850 410 1883 Rom
425 1851 630 1894 vereffligen,
654 1851 708 1884 die

28 1896 153 1930 Punier
165 1896 272 1930 selbst
284 1896 336 1929 ffir
348 1896 399 1929 ihr
409 1896 588 1929 Vaterland
603 1896 708 1939 tapse-

28 1952 81 1975 rer
106 1941 438 1984 Mammea—intet-
461 1953 498 1973 se
523 1942 709 1983 attributiv,

30 1989 84 2026 21,
99 1988 153 2027 39,
167 1989 199 2027 9,
225 1987 295 2020 hier
318 1987 580 2030 ungewohnlich
606 1987 709 2020 nach-

30 2032 178 2074 gestellt,
203 2042 230 2066 3.
258 2035 288 2073 1,
318 2034 370 2073 13,
395 2034 430 2070 3;
457 2031 577 2065 anders
603 2035 634 2072 6,
652 2034 704 2074 38,

30 2081 61 2111 5.
100 2087 218 2109 omnes
243 2087 284 2117 3.,
309 2077 373 2110 3113
390 2077 590 2120 moglichen‚
610 2077 710 2119 Jeder

29 2123 101 2162 Art,
126 2132 152 2155 s.
178 2123 210 2162 6,
234 2123 287 2162 22,
313 2125 343 2156 6.
361 2142 405 2146 --
421 2123 549 2164 procul
571 2142 598 2146 —
617 2126 709 2163 mel„

30 2178 57 2201 s.
90 2169 121 2208 3,
153 2168 203 2207 10,
229 2171 267 2200 4:
303 2166 362 2200 der
400 2167 615 2211 Gegenstand
652 2167 711 2201 der

31 2212 155 2246 Furcht
179 2212 223 2245 ist
248 2212 331 2252 sern,
356 2213 416 2245 mit
440 2219 610 2245 emer-nus
635 2223 710 2246 ver-

30 2257 184 2290 bunden:
217 2256 270 2289 die
295 2257 476 2299 Fremden,
508 2269 570 2291 vor
602 2258 710 2292 denen

30 2313 109 2336 man
139 2302 211 2336 sich
241 2302 402 2344 siirchtet‚
440 2303 514 2336 sind
548 2304 631 2337 feru.
666 2323 710 2327 —

31 2347 190 2386 ostende,
223 2347 318 2390 zeige
342 2357 418 2387 nur,
450 2349 584 2381 vei-tritt
612 2349 709 2382 einen

32 2392 266 2436 bedingenden
312 2392 406 2425 Satz:
450 2393 509 2426 der
550 2393 710 2437 bedingte

32 2438 118 2481 solgt
138 2438 225 2472 dann
240 2438 285 2470 im
298 2437 456 2471 Futurum
472 2438 559 2472 ohne
573 2444 617 2481 ec,
640 2439 708 2481 vgl.

32 2493 62 2516 c.
87 2485 141 2525 27,
166 2486 196 2518 6.
234 2493 348 2515 emet-c.
375 2484 540 2526 aliem'g„
565 2485 630 2517 wie
656 2486 708 2524 29,

37 2529 88 2569 10,
111 2531 130 2562 5
157 2529 264 2561 hostis
291 2528 503 2570 alienigena,
531 2531 650 2571 1‚7,5.
667 2548 710 2554 —-

778 1355 884 1386 aliter
910 1374 936 1377 —
963 1354 1086 1395 aliter,
1119 1354 1249 1387 starker
1277 1354 1327 1387 als
1353 1354 1459 1386 aliter

778 1411 838 1440 ac,
873 1400 916 1432 ist
941 1400 1000 1432 mit
1027 1398 1209 1432 Riieksicht
1245 1400 1303 1431 3111
1325 1399 1378 1432 (113
1401 1399 1458 1432 Er-

778 1445 924 1488 eignisse
937 1445 982 1477 im
997 1444 1120 1477 dritten
1138 1445 1323 1487 punischen
1338 1444 1459 1488 Kriege

778 1495 908 1533 gesagt.
943 1510 986 1513 —
1019 1492 1211 1529 ocem-sab„
1248 1490 1348 1522 ihnen
1387 1494 1459 1522 ent-

777 1539 1010 1578 gegentreten‚
1035 1536 1083 1569 sie
1111 1536 1201 1568 nicht
1214 1535 1330 1569 ziehen
1346 1535 1458 1569 lassen

779 1581 912 1614 wollen.

826 1628 969 1660 12—15.
995 1625 1110 1658 ltalien
1137 1625 1238 1666 kann,
1264 1626 1329 1659 wie
1354 1625 1459 1659 sehon

778 1671 911 1712 einmal,
936 1670 1041 1703 durch
1058 1670 1170 1713 Scipio
1196 1671 1228 1703 in
1255 1671 1308 1703 die
1328 1673 1459 1713 grosste

778 1716 898 1749 Gesahr
933 1715 1102 1748 kommen.
1127 1734 1171 1740 —
1206 1716 1294 1758 quid
1326 1718 1460 1758 porro?

779 1771 850 1794 was
877 1761 1077 1793 weiterhin?
1109 1760 1220 1794 indem
1254 1771 1363 1803 porro
1394 1761 1459 1794 den

778 1806 978 1839 Fortscbritt
1013 1806 1046 1838 in
1084 1805 1142 1839 der
1180 1806 1461 1849 Beweisfiihrung

778 1851 949 1893 andeutet,
971 1851 1203 1893 quidausden
1222 1862 1331 1885 neuen
1346 1851 1460 1885 Grund

777 1897 1002 1930 aufmerksam
1028 1896 1149 1930 maeht.
1164 1915 1208 1921 —
1222 1897 1384 1938 Africae,
1406 1897 1460 1930 die

777 1942 906 1975 Volker
929 1942 1078 1982 Atticas,
1109 1952 1136 1975 s.
1164 1942 1185 1984 ξ
1211 1944 1230 1976 9
1246 1942 1267 1975 f.
1292 1961 1338 1966 —
1362 1942 1458 1974 ultro

778 1989 858 2030 ipsi,
868 1987 921 2020 die
931 1986 1189 2030 Angegriffenen
1201 1987 1333 2020 werden
1344 1987 1460 2029 selbst,

778 2042 838 2066 aus
852 2033 1004 2075 eigenem
1019 2033 1190 2074 Antriebe,
1215 2032 1459 2075 angriffsweise

778 2078 965 2118 versahren,
992 2087 1019 2110 3.
1046 2079 1099 2120 21,
1128 2081 1156 2119 1,
1179 2082 1216 2116 3·
1243 2057 1279 2115 3ῗ
1295 2079 1349 2118 42,
1368 2079 1398 2109 7.
1416 2097 1460 2102 -

778 2122 935 2164 Magon,
957 2103 1046 2177 ’App.
1072 2103 1141 2155 Lib.
1161 2125 1198 2154 7:
1226 2103 1436 2166 Μάγωνος
1420 2136 1460 2156 εν

778 2166 945 2221 πλευραῖς
969 2164 1030 2201 ἑπ
1057 2164 1169 2209 αὐτην
1193 2164 1374 2209 (Ἰταλίαν)
1391 2169 1459 2201 Λί-

777 2211 861 2259 γυάς
890 2225 930 2246 τε
960 2215 1021 2245 καὶ
1046 2210 1202 2246 Κελτοις
1233 2210 1462 2258 ξενολογοῦν-

779 2269 838 2291 ‘tos
871 2263 952 2296 etc.;
986 2258 1026 2290 da
1057 2258 1180 2291 bereits
1214 2258 1272 2290 der
1301 2258 1460 2302 Friihling

780 2304 865 2336 nahe
890 2303 952 2344 ist,
979 2303 1062 2336 wird
1086 2303 1203 2346 Magos
1228 2304 1367 2337 Abreise
1392 2314 1459 2337 von

779 2349 844 2382 den
870 2348 1032 2382 Balearen
1057 2352 1321 2391 vorausgesetzt.
1338 2367 1384 2372 —
1400 2348 1459 2382 Li-

777 2404 911 2436 gurum
936 2394 1029 2437 Alp„
1055 2404 1084 2426 e.
1110 2396 1165 2432 46,
1191 2395 1221 2427 8.
1245 2412 1290 2418 -
1314 2397 1460 2436 vectari,

780 2439 987 2482 Andeutung
1012 2438 1070 2471 der
1083 2438 1164 2471 Eile.
1187 2457 1233 2463 —
1257 2441 1294 2471 in
1320 2439 1396 2473 ead.
1423 2443 1460 2482 t.,

779 2484 906 2527 passiv,
933 2486 986 2525 23,
1011 2485 1065 2521 37,
1094 2486 1121 2517 1.
1147 2502 1190 2507 —
1214 2484 1275 2516 sed
1304 2494 1397 2517 omn.
1429 2495 1458 2519 c.

780 2532 834 2570 43,
860 2532 895 2568 6;
923 2531 954 2570 2,
980 2531 1035 2570 27,
1053 2530 1087 2567 3;
1114 2530 1168 2570 31,
1193 2530 1248 2568 22,
1273 2531 1457 2573 7.—-tuis,

1064 1266 1209 1304 victum
1230 1278 1250 1304 a
1272 1272 1309 1304 te
1331 1265 1456 1304 dices:
1480 1268 1517 1300 15
