1732 2840
215 92 240 131 6
701 92 822 125 LIBER
847 91 962 126 XXIX.
1011 92 1103 126 CAP.
1129 93 1159 125 2.
1486 109 1512 129 a.
1532 101 1637 130 u.549.

212 209 328 249 modo
362 208 534 248 hostium
569 207 709 246 imitati
745 212 858 254 sunt,
897 211 941 245 ut
967 206 1068 245 inter
1097 206 1272 256 legiones
1302 211 1338 244 et
1368 205 1441 258 ipsi
1471 205 1640 258 patentis
1685 234 1692 265 ἰ,
1727 190 1730 196 ¹

172 275 189 306 7
213 265 333 318 equiti
356 264 625 315 relinquerent
644 263 736 302 vias.
778 269 952 302 ceterum
974 262 1163 302 Lentulus
1185 263 1217 301 ei
1239 262 1339 314 parti
1361 274 1474 301 usum
1497 261 1640 314 equitis
1684 267 1693 302 ,ἲ

212 324 295 362 fore
325 326 455 368 ratuS,
486 332 582 371 quae
613 320 721 372 prior
747 319 787 358 in
809 319 1072 358 dehiscentem
1094 318 1305 358 intervallis
1325 319 1495 358 hostium
1516 318 1639 357 aciem
1675 322 1693 335 ”

174 386 193 419 8
214 378 362 430 equites
385 376 585 424 emisisset,
608 377 690 416 Ser.
714 375 897 416 Cornelio
918 375 1078 415 tribuno
1100 375 1266 414 militum
1289 375 1464 428 imperat,
1487 374 1638 427 equites
1682 393 1686 396 ·

173 442 192 474 9
211 447 281 488 per
311 433 482 486 patentis
511 433 551 472 in
583 433 755 472 hostium
781 433 863 472 acie
884 432 963 471 vias
984 433 1209 485 permittere
1231 444 1353 483 equos
1373 432 1524 480 iubeat;
1554 431 1638 483 ipse
1689 454 1692 460 ·

212 497 348 543 coepta
366 501 503 542 parum
521 502 710 542 prospere
732 489 900 541 pedestri
918 501 1064 541 pugna,
1084 495 1236 528 tantum
1252 494 1439 536 moratus,
1461 488 1552 526 dum
1574 499 1637 526 ce-

212 548 317 587 denti
339 546 589 586 duodecimae
611 546 770 597 legioni,
793 558 891 598 quae
913 547 951 584 in
974 546 1082 585 laevo
1105 557 1227 584 cornu
1250 545 1434 584 adversus
1454 544 1638 594 Ilergetes
1683 543 1697 570 '³'-

210 604 334 643 locata
363 609 464 651 erat,
495 603 649 642 tertiam
680 603 881 642 decumam
912 602 1105 653 legionem
1137 614 1182 640 ex
1203 601 1387 640 subsidiis
1407 601 1447 640 in
1471 601 1636 653 primam
1679 611 1697 649 jU

152 667 190 699 10
209 661 331 701 aciem
347 660 638 699 firmamentum
657 659 776 705 ducit,
798 665 1003 711 postquam
1025 664 1186 710 aequata
1208 658 1260 696 ibi
1283 670 1413 710 pugna
1435 663 1508 705 est,
1529 657 1574 696 ad
1591 656 1634 695 L.
1674 657 1698 700 {-

210 716 398 756 Manlium
419 716 521 754 inter
543 716 666 768 prima
687 716 796 767 signa
818 716 1037 755 hortantem
1060 727 1104 754 ac
1125 714 1294 754 subsidia
1318 714 1460 766 quibus
1481 725 1544 753 res
1564 725 1636 765 po·

210 773 376 812 stulabat
393 772 489 811 locis
506 772 753 812 inducentem
771 772 898 820 venit;
921 772 1064 811 indicat
1085 778 1163 810 tuta
1184 771 1231 810 ab
1253 771 1360 810 laevo
1383 783 1507 810 cornu
1529 781 1635 818 esse3

151 837 186 868 11
208 830 284 869 iam
300 829 462 868 missum
484 830 596 878 [esse]
619 829 665 868 ab
683 841 724 868 se
741 828 967 868 Cornelium
986 828 1163 867 Servium
1179 827 1350 880 procella
1373 827 1542 879 equestri
1564 827 1637 866 ho·
1680 822 1692 847 ·’

151 893 188 925 12
208 887 277 926 stis
307 885 649 925 circumfusurum.
691 885 752 924 vix
781 886 877 925 haec
898 885 999 924 dicta
1020 885 1196 933 dederat,
1228 896 1317 923 cum
1337 883 1503 922 Romani
1526 882 1637 934 equi·
1684 880 1687 881 ⁷

210 949 268 982 tes
284 943 323 981 in
339 942 489 981 medios
505 941 646 980 invecti
663 943 795 981 hostes
811 942 925 981 simul
945 940 1136 994 pedestris
1156 941 1258 980 acies
1277 940 1500 988 turbarunt,
1522 938 1639 978 simul

150 1005 187 1038 13
209 999 406 1051 equitibus
426 998 689 1050 Hispanorum
711 998 807 1037 viam
830 997 1064 1037 immittendi
1088 1010 1211 1048 equos
1232 997 1467 1036 clauserunt.
1508 996 1638 1047 itaque

210 1055 350 1094 omissa
381 1067 513 1106 pugna
547 1054 717 1106 equestri
739 1055 785 1093 ad
807 1055 926 1106 pedes
946 1054 1110 1106 Hispani
1133 1054 1430 1093 descenderunt.
1473 1052 1638 1091 Romani

210 1112 465 1164 imperatores
500 1119 542 1150 ut
570 1110 747 1150 turbatos
776 1111 947 1150 hostium
981 1110 1138 1149 ordines
1169 1116 1207 1149 et
1236 1109 1537 1162 trepidationem
1570 1121 1638 1161 pa-

210 1180 421 1220 voremque
453 1174 490 1207 et
519 1167 745 1207 fluctuantia
783 1167 964 1207 viderunt
1006 1167 1139 1218 signa,
1177 1167 1386 1206 hortantur
1421 1171 1534 1205 orant
1565 1165 1639 1204 mi-
1686 1183 1700 1222 '..

208 1267 387 1310 Uebrigen,
416 1277 471 1299 wo
497 1267 545 1299 sie
564 1266 691 1308 J'edoch
716 1277 777 1299 nur
801 1267 888 1299 Zwi-

209 1312 428 1346 schenr‘aume
453 1311 620 1345 zwischen
639 1312 703 1344 den
717 1311 888 1354 Manipeln

208 1357 330 1398 haben,
350 1358 437 1399 jetzt
455 1357 624 1390 zwischen
640 1356 703 1390 den
718 1357 887 1399 Legionen

206 1402 274 1436 und
301 1403 385 1444 alae,
411 1413 438 1436 s.
466 1403 486 1444 ξ
514 1405 544 1443 7,
577 1401 644 1434 und
678 1401 728 1434 bis
760 1412 802 1434 an
828 1401 888 1435 das

206 1447 299 1481 Ende
331 1448 390 1480 der
413 1447 666 1480 Schlachtreihe
698 1447 889 1488 reichende,

207 1493 276 1536 vgl.
303 1494 356 1534 30,
383 1494 436 1533 33,
466 1495 500 1530 1;
541 1495 589 1534 10,
615 1496 646 1533 5,
672 1495 702 1526 6.
729 1511 771 1516 --—
797 1496 888 1524 stru-

206 1540 305 1578 oesss„
330 1548 356 1571 s.
385 1540 413 1578 1,
440 1539 493 1579 23,
518 1540 549 1571 6.
565 1557 607 1561 -
630 1537 707 1569 id—
725 1538 887 1578 hostium,

209 1582 508 1626 eigenthiimlicher
540 1582 642 1625 genit.
677 1592 788 1625 poss:
828 1593 890 1615 nur

208 1627 268 1661 das
293 1638 360 1660 von
386 1627 461 1661 dem
487 1637 558 1661 was
583 1627 636 1660 die
662 1627 784 1660 Feinde
815 1627 888 1660 hat-

208 1676 275 1713 ten,
300 1673 369 1716 vgl.
395 1675 449 1714 22,
474 1675 529 1714 41,
546 1675 581 1711 5;
608 1675 738 1714 30,5,1
769 1675 888 1705 omnia

209 1719 372 1759 Hostium,
398 1718 517 1751 anders
536 1719 590 1760 22,
604 1720 636 1760 4,
650 1720 669 1751 4
695 1717 734 1750 id
751 1721 888 1750 tantum

211 1765 372 1796 hostium.

255 1811 375 1842 7—11.
407 1812 580 1848 ceterum,
612 1807 886 1840 beschr'ankend:

208 1852 338 1893 indess,
387 1852 542 1895 obgleich
592 1852 687 1885 beide
732 1853 885 1885 Parteien

208 1897 339 1940 gleiche
353 1897 619 1939 Vorkehrungen
635 1897 798 1940 getroffen
813 1897 886 1930 hat-

209 1947 276 1976 ten.
300 1962 344 1966 —
369 1945 402 1974 ez?
426 1962 451 1966 -
477 1953 599 1983 usum,
630 1942 746 1975 wiirde
777 1942 829 1974 fiir
860 1962 885 1966 —

208 1998 274 2021 von
300 1988 429 2020 Nutzen
455 1987 538 2028 sein,
562 1987 623 2019 mit
637 1987 786 2020 Vortheil
811 1997 886 2020 ver-

209 2032 342 2066 wendet
369 2032 503 2066 werden
529 2032 676 2072 konnen,
702 2043 728 2066 s.
743 2043 770 2065 c.
788 2034 840 2074 10,
855 2034 885 2066 3.

208 2097 252 2102 —
279 2079 357 2111 trib.
383 2078 467 2118 mil„
494 2081 524 2120 4,
551 2079 604 2119 20,
625 2080 655 2111 5.
681 2079 833 2120 imperat
858 2096 885 2101 —

209 2124 292 2164 iub„
318 2125 372 2165 40,
398 2125 453 2164 47,
479 2125 515 2161 8;
543 2125 573 2165 3,
599 2124 652 2164 28,
682 2126 710 2156 l.
736 2141 779 2146 —
807 2133 885 2165 per-

208 2171 310 2210 miti„
338 2171 388 2207 10,
414 2172 444 2207 5,
471 2170 501 2202 6.
527 2187 571 2192 —-
602 2171 738 2200 tantum
770 2178 826 2206 m.,
860 2178 886 2200 s.

209 2223 237 2247 c.
266 2215 319 2252 34,
345 2215 376 2254 9,
408 2224 463 2246 um
490 2223 551 2246 nur
575 2212 693 2246 sobald
718 2213 766 2246 als
791 2214 886 2255 mog-

209 2258 275 2291 lich
306 2258 381 2291 dem
414 2258 573 2300 Collegen
611 2258 670 2291 das
707 2268 773 2290 von
811 2257 886 2290 dem

208 2303 405 2336 Annalisten
432 2303 480 2336 als
505 2303 559 2336 die
577 2303 789 2346 Hauptsache
815 2302 889 2335 dar-

210 2348 365 2391 gestellte
379 2348 654 2381 Reitermanover
678 2359 717 2380 zu
743 2347 886 2381 melden.

209 2412 253 2417 —
267 2393 412 2426 duodee.
428 2393 550 2427 vorher
562 2393 635 2427 sind
650 2392 703 2425 die
717 2393 885 2435 Legionen

209 2438 242 2470 in
274 2438 472 2481 Hispanien,
505 2439 564 2471 mit
594 2438 786 2471 Ausnahme
819 2449 885 2471 von

210 2484 264 2523 26,
290 2485 344 2525 48,
372 2487 402 2524 6,
436 2483 528 2516 nicht
553 2483 637 2517 nach
663 2483 756 2516 ihren
781 2482 884 2516 Num-

210 2537 301 2560 mern
326 2528 532 2562 bezeichnet.
552 2548 595 2553 —
620 2539 664 2561 ex
688 2528 831 2570 subsz'd.‚
856 2538 883 2561 s.

959 1269 1014 1308 27,
1048 1268 1099 1308 12,
1127 1268 1179 1300 14.
1231 1266 1340 1299 Wenn
1375 1267 1395 1308 ξ
1430 1268 1449 1299 6
1483 1266 1638 1307 legiones
1692 1267 1694 1269 ’

959 1321 1066 1354 genau
1094 1322 1133 1344 zu
1160 1311 1301 1344 nehmen
1321 1311 1375 1350 ist,
1401 1321 1438 1344 so
1456 1310 1638 1344 mussenin
1686 1320 1687 1324 ¹

959 1357 1016 1390 der
1031 1357 1131 1390 Front
1145 1356 1229 1389 zwei
1245 1356 1412 1399 Legionen
1428 1356 1536 1389 neben
1554 1355 1639 1388 zwei
1675 1364 1695 1376 ·'

959 1402 1030 1435 alae
1069 1401 1127 1434 der
1164 1401 1470 1443 Bundesgenossen
1507 1401 1638 1442 stehen,
1692 1418 1694 1422 ·

959 1446 1027 1480 und
1061 1447 1148 1480 noch
1182 1449 1203 1480 4
1228 1446 1397 1490 Legionen
1430 1447 1463 1479 in
1490 1445 1639 1489 Spanien
1691 1453 1697 1483 ζ

960 1493 1042 1532 sein,
1068 1502 1094 1526 s.
1124 1494 1176 1529 27,
1203 1494 1256 1533 36,
1288 1494 1344 1529 12;
1372 1493 1539 1533 30,4l‚5.
1579 1490 1639 1524 Die
1694 1499 1708 1529 ἤ

959 1537 1274 1580 Schlachtordnung
1307 1537 1352 1570 ist
1383 1537 1448 1570 wie
1481 1538 1536 1578 27,
1564 1538 1594 1575 1,
1618 1538 1636 1569 7
1696 1544 1699 1546 ·

959 1582 1117 1625 gebildet.
1132 1584 1284 1614 ——z'nler
1307 1593 1362 1624 pr.
1386 1593 1428 1624 s.,
1451 1585 1549 1614 unter
1573 1580 1637 1614 den

1296 1628 1545 1668 13;24,16‚2;
1571 1626 1639 1659 wol
1696 1649 1699 1654 .

959 1673 1018 1705 auf
1029 1672 1103 1705 dem
1120 1672 1256 1705 rechten
1271 1672 1399 1715 Fliigel.
1414 1691 1457 1696 —-
1472 1675 1559 1712 tuta,
1585 1671 1639 1704 die
1677 1700 1680 1702 ,
1697 1703 1699 1705 ,

959 1717 1273 1760 Angelegenheiten
1299 1718 1416 1751 stehen
1435 1717 1554 1757 sicher,
1582 1715 1640 1749 der
1695 1726 1700 1732 ¹

960 1627 1182 1670 antesignani,
1207 1637 1233 1660 s.
1255 1627 1275 1670 ξ

959 1763 1050 1796 linke
1076 1762 1193 1805 Fliigel
1218 1763 1265 1796 sei
1299 1773 1414 1796 ausser
1439 1761 1570 1795 Gesahr.
1594 1780 1640 1784 —

960 1808 1096 1841 cornel.
1125 1808 1235 1849 Serv„
1260 1818 1285 1841 s.
1314 1809 1469 1848 30‚1‚9:
1496 1807 1636 1839 Lucret.
1686 1840 1689 1842 ,

957 1853 1061 1895 Spur.
1086 1872 1130 1877 —
1155 1855 1237 1895 iam,
1264 1852 1425 1895 sogleich,
1452 1852 1570 1895 gehort
1596 1861 1637 1884 zu
1694 1880 1700 1897 Ἰ,

957 1898 1268 1937 ez‘rcuml'usurum,
1294 1897 1334 1930 da
1362 1908 1433 1929 esse
1458 1896 1542 1930 nach
1556 1898 1637 1929 mis-

955 1953 1031 1974 sum
1056 1943 1089 1975 in
1115 1942 1146 1975 d.
1173 1942 1228 1985 Sp.
1255 1942 1333 1975 Hds.
1359 1942 1454 1975 fehlt.

1005 1989 1146 2021 12—13.
1172 1988 1267 2019 dicta
1300 1987 1388 2027 ded„
1422 1989 1477 2027 22,
1502 1989 1557 2029 50,
1586 1988 1638 2020 10.

956 2051 999 2056 —
1024 2034 1061 2064 in
1087 2033 1173 2066 med.
1201 2033 1247 2074 lz.,
1280 2033 1350 2065 hier
1380 2033 1413 2064 in
1447 2032 1500 2064 die
1529 2035 1638 2064 inter-

957 2077 1070 2118 valla,
1111 2081 1207 2110 sonst
1238 2077 1321 2110 wird
1355 2088 1390 2111 es
1424 2077 1543 2110 anders
1581 2086 1638 2120 ge-

957 2122 1107 2155 braucht.
1122 2141 1166 2146 --
1181 2125 1284 2165 acies,
1310 2123 1363 2156 die
1381 2122 1554 2156 einzelnen
1569 2121 1637 2154 Ab·

957 2167 1165 2210 theilungen,
1191 2178 1217 2201 s.
1246 2169 1266 2209 ξ
1292 2172 1324 2202 5.
1349 2187 1394 2192 —
1418 2168 1466 2200 ad
1488 2167 1593 2210 pedes
1609 2168 1641 2192 -’
1684 2202 1685 2205 ¹

957 2212 1046 2246 dese.
1087 2212 1146 2246 der
1185 2213 1420 2255 gewohnliche
1458 2211 1637 2246 Ausdruck

955 2257 1009 2290 bei
1034 2258 1068 2290 L.
1094 2268 1120 2291 s.
1148 2258 1168 2300 ξ
1198 2260 1253 2297 14;
1281 2260 1312 2299 3,
1339 2260 1392 2299 62,
1418 2260 1456 2296 9;
1482 2259 1635 2299 4‚40,7;
1702 2277 1706 2282 ·

957 2304 1010 2342 22,
1035 2304 1090 2343 49,
1116 2305 1134 2337 3
1169 2313 1268 2345 ιιενν.,
1300 2303 1378 2336 sand
1409 2302 1481 2337 sich
1511 2302 1543 2335 in
1578 2302 1636 2335 der

957 2348 1015 2390 Sp.
1043 2347 1137 2387 fids„
1171 2349 1204 2381 in
1229 2348 1260 2382 d.
1288 2348 1375 2390 Put.,
1407 2348 1497 2381 viell.
1531 2346 1635 2380 durch
1702 2355 1703 2358 ’

957 2395 1112 2435 equestri
1134 2393 1333 2435 veranlasst,
1358 2393 1406 2425 ad
1429 2393 1634 2435 pedestrem.

955 2456 1000 2461 —
1024 2439 1257 2479 fluctuantia,
1292 2449 1319 2473 s.
1351 2440 1404 2479 27,
1433 2440 1462 2478 1,
1491 2440 1548 2476 11;
1581 2436 1635 2470 die

956 2482 1077 2515 vorher
1113 2483 1307 2517 erwfihnten
1341 2483 1483 2516 ordines
1516 2481 1634 2515 stehen

954 2537 1015 2560 vor
1039 2527 1104 2562 den
1128 2531 1244 2571 signa,
1269 2539 1296 2562 s.
1323 2531 1354 2570 4,
1379 2530 1433 2567 47,
1451 2530 1486 2561 2:
1513 2537 1635 2560 cum-
