1732 2840
186 123 239 161 44
612 125 734 158 LIBER
760 124 874 158 xxix.
923 124 1014 158 CAP.
1046 126 1094 159 18.
1125 126 1177 159 19.

1461 144 1487 165 a.
1506 138 1615 164 u.'550·

132 246 169 278 16
189 252 295 280 sacra
318 240 483 291 pecunia
507 240 545 278 in
565 239 785 278 thensauris
807 238 933 277 fuerit.
955 239 1122 278 maiores
1144 239 1341 291 quondam
1363 240 1486 278 nostri
1507 240 1612 290 gravi

188 295 502 337 Crotoniensium
520 295 637 342 bello,
670 295 758 347 quia
790 300 894 334 extra
923 295 1057 334 urbem
1088 296 1277 348 templum
1300 302 1370 343 est,
1400 297 1613 336 transferre

188 354 228 392 in
258 352 395 391 urbem
427 364 509 391 eam
539 352 743 403 pecuniam
779 351 997 391 voluerunt.

1058 358 1174 391 noctu
1205 352 1333 391 audita
1370 365 1414 391 ex
1451 353 1613 392 delubro

132 417 165 448 17
187 422 279 455 vox,
301 408 541 447 abstinerent
561 420 712 447 manus:
734 409 843 447 deam
866 420 934 447 sua
955 407 1098 459 templa
1119 409 1378 448 defensuram.
1419 409 1509 461 quia
1528 421 1614 448 mo-

187 465 298 503 vendi
335 465 426 503 inde
460 466 691 504 thensauros
726 465 862 515 religio
899 465 1053 503 incussa
1090 472 1190 513 erat,
1227 477 1338 504 muro
1375 465 1614 505 circumdare

187 521 374 572 templum
397 521 616 560 voluerunt.
666 524 706 560 in
726 521 968 573 aliquantum
989 521 1063 560 iam
1085 521 1299 561 altitudinis
1324 522 1484 561 excitata
1506 530 1616 561 erant

132 584 166 616 18
186 578 362 623 moenia,
393 590 482 616 cum
503 577 632 616 subito
655 577 837 629 conlapsa
869 577 979 616 ruina
1000 583 1103 617 sunt.
1144 579 1208 616 sed
1233 584 1270 617 et
1299 590 1405 617 nunc
1436 584 1470 617 et
1499 591 1616 631 saepe

188 634 280 673 alias
311 634 380 672 dea
410 647 518 673 suam
549 634 679 672 sedem
710 646 903 685 suumque
933 634 1118 685 templum
1157 641 1222 673 aut
1253 640 1372 674 tutata
1401 640 1457 674 est
1493 641 1559 674 aut
1593 648 1614 674 a

186 690 438 730 violatoribus
466 691 593 740 gravia
623 690 774 741 piacula
811 691 957 741 exegit:
995 697 1147 730 nostras
1183 691 1343 730 iniurias
1378 703 1452 730 nec
1486 698 1616 743 potest

132 752 169 785 19
189 759 262 786 nec
293 747 416 798 possit
449 747 546 786 alius
575 746 710 785 ulcisci
739 759 852 798 quam
877 759 954 794 vos,
977 753 1106 799 patres
1128 748 1360 799 conscripti3
1394 748 1440 786 ad
1460 759 1528 786 vos
1550 760 1614 786 ve-

189 809 384 854 stramque
400 804 514 842 fidem
532 803 730 855 supplices
746 803 1007 854 confugimus.
1035 804 1130 842 nihil
1146 810 1277 843 nostra
1295 804 1468 852 interest,
1483 810 1615 843 utrum

189 859 262 898 sub
280 860 347 898 illo
365 860 503 909 legato,
521 860 592 898 sub
611 859 675 897 illo
694 859 887 910 praesidio
900 859 1047 899 Locros
1063 872 1146 899 esse
1162 860 1309 907 sinatis,
1327 873 1376 900 an
1394 860 1490 899 irato
1508 860 1615 900 Hau-

190 916 308 954 nibali
341 923 376 954 et
407 916 549 954 Poenis
580 917 625 954 ad
648 916 886 967 supplicium
908 917 1065 955 dedatis.
1107 928 1186 954 non
1208 917 1462 968 postulamus,
1486 923 1529 955 ut
1551 929 1615 956 ex-

128 978 168 1010 20
189 972 334 1024 templo
354 972 482 1017 nobis,
497 978 542 1011 ut
558 973 604 1010 de
619 972 791 1018 absente,
814 979 857 1011 ut.
874 973 1015 1011 indicta
1039 985 1153 1011 causa
1175 973 1362 1012 credatis:
1385 973 1527 1019 veniat,
1549 985 1615 1012 co-

189 1040 271 1067 ram
292 1028 375 1079 ipse
396 1029 537 1075 audiat,
559 1028 643 1080 ipse
668 1028 798 1067 diluat.
838 1029 868 1067 si
891 1029 1099 1080 quicquam
1120 1028 1289 1077 sceleris,
1312 1029 1414 1081 quod
1437 1029 1554 1068 homo
1576 1029 1616 1068 in

189 1085 369 1123 homines
391 1085 503 1123 edere
525 1091 676 1136 potest,
700 1085 738 1123 in
764 1097 835 1123 nos
857 1085 1130 1136 praetermisit,
1158 1098 1236 1123 non
1259 1097 1497 1133 recusamus,
1520 1083 1626 1137 quin¹

190 1147 228 1179 et
250 1153 322 1179 nos
343 1141 472 1179 omnia
495 1141 625 1179 eadem
649 1141 811 1187 iterum,
841 1141 872 1179 si
894 1142 971 1192 pati
994 1154 1225 1192 possumus,
1256 1142 1471 1194 patiamur,
1493 1148 1531 1180 et
1551 1141 1616 1181 ille

191 1197 297 1235 omni
319 1197 447 1235 divino
469 1198 719 1248 humanoque
742 1197 928 1235 liberetur
949 1197 1133 1236 scelere.“

303 1252 407 1291 Haec
418 1265 506 1291 cum
516 1252 710 1303 ablegatis
721 1253 818 1292 dicta
830 1259 972 1301 essent,
987 1253 1276 1305 quaesissetque
1288 1253 1335 1291 ab
1348 1253 1393 1292 iis
1404 1253 1447 1298 Q.
1461 1253 1617 1302 Fabius,

189 1308 472 1348 detulissentne
494 1322 557 1348 eas
577 1309 768 1360 querellas
789 1310 835 1348 ad
852 1309 893 1348 P.
912 1309 1150 1361 Scipionem,
1171 1309 1462 1360 responderunt
1478 1311 1618 1350 missos

189 1430 221 1462 in
248 1430 411 1463 welchem
429 1430 482 1463 die
496 1431 621 1463 Lokrer
638 1440 688 1463 am
704 1431 750 1464 Fl.
765 1431 869 1474 Sagra

189 1476 338 1517 siegten,
373 1485 400 1508 s.
434 1477 488 1515 24,
523 1478 560 1513 3;
593 1476 708 1508 lustin.
745 1478 797 1516 20,
832 1479 868 1515 3;

189 1520 400 1560 Strab06‚1‚
420 1522 459 1553 12
485 1531 517 1563 p.
532 1522 609 1554 261.
623 1525 784 1552 -eactra
811 1532 868 1562 m,

190 1565 342 1617 dagegen
355 1565 492 1608 Dionys.
514 1565 584 1598 Hal.
602 1568 654 1606 19,
669 1568 707 1599 9:
734 1565 778 1607 ἠν
801 1564 868 1611 γὰρ

190 1607 286 1654 ἱερὸν
300 1622 340 1642 εν
358 1610 402 1656 τῇ
413 1608 540 1697 7352ng
544 1608 670 1688 ταύτέ.
678 1630 738 1688 t—
745 1613 870 1643 audita

190 1665 272 1694 v‚ooe
298 1655 363 1687 wie
389 1658 407 1688 5
557 1667 632 1688 -a
657 1667 673 1687 s
692 1667 725 1687 ιη
764 1666 872 1697 man„

189 1700 257 1742 xgl
289 1701 322 1740 9,
355 1702 386 1741 5,
417 1703 454 1734 6:
494 1701 535 1732 ab
574 1703 619 1733 iis
651 1702 872 1734 abstinet-ent

189 1755 326 1777 manus.
353 1764 397 1769 —
421 1756 485 1777 sua
513 1747 654 1788 templa,
684 1746 732 1779 sie
757 1746 869 1779 werde

190 1789 380 1832 uberhaupt
405 1790 476 1823 ihre
491 1790 529 1823 T.
557 1802 595 1823 zu
611 1791 771 1824 schfitzen
791 1791 870 1824 wis-

191 1844 262 1875 sen,
287 1835 357 1867 also
383 1835 468 1867 auch
492 1835 524 1867 in
539 1835 613 1868 dem
629 1836 868 1878 vorliegenden

190 1879 291 1912 Falle.
316 1898 361 1903 —
389 1880 538 1921 religio,
573 1881 625 1913 die
659 1881 867 1914 Gewissens-

192 1929 301 1966 angst,
328 1924 457 1957 welche
473 1925 584 1957 abhalt
599 1929 706 1958 etwas
720 1936 760 1957 zu
774 1925 868 1966 thun,

192 1969 256 2001 wie
282 1970 336 2010 28,
367 1971 415 2010 15,
444 1971 494 2009 11,
519 1970 588 2012 vgl.
614 1972 644 2008 9,
673 1972 726 2010 29,
754 1973 806 2003 10.
825 1990 869 1994 —

190 2016 228 2046 in
254 2014 336 2055 aliq.
363 2014 438 2054 alt„
464 2025 489 2047 s.
516 2017 570 2056 42,
600 2017 649 2054 15,
675 2019 713 2048 5:
740 2026 825 2057 pars
842 2035 867 2038 —

190 2061 228 2090 in
255 2059 478 2100 aliquantum
497 2060 698 2092 altitudinis
717 2060 867 2103 derupta

192 2107 289 2144 erat5
316 2105 368 2141 21,
395 2106 448 2144 33,
475 2107 509 2143 7;
542 2105 628 2137 doch
654 2105 737 2138 fehlt
761 2105 805 2137 im
833 2106 866 2138 P.

190 2150 248 2188 in,·
275 2148 398 2182 ebenso
425 2150 512 2183 curt.
540 2152 570 2191 6,
599 2153 648 2191 17,
675 2152 729 2183 21.

240 2195 378 2227 18-20.
393 2194 455 2226 sed
468 2198 543 2236 etc„
565 2195 644 2228 aber
665 2205 764 2228 wenn
783 2196 869 2228 auch

191 2237 244 2271 die
258 2238 372 2271 Gfittin
386 2239 474 2272 sich
489 2240 594 2281 racht,
612 2250 649 2273 so
664 2239 771 2273 konnt
781 2240 868 2273 doch

190 2293 252 2316 nur
276 2283 327 2315 ihr
350 2294 427 2316 uns
460 2285 602 2326 rachen,
637 2285 690 2318 die
715 2284 869 2318 Satzver-

190 2327 342 2370 bindung
377 2329 443 2361 wie
477 2332 496 2371 ᾗ
526 2332 584 2368 1Ο;
617 2329 675 2362 der
709 2330 869 2363 Gedanke

191 2372 273 2414 geht
297 2373 356 2405 auf
377 2384 405 2406 c.
433 2376 484 2415 17,
509 2376 529 2407 9
562 2374 686 2407 zuriick
720 2375 787 2408 und
814 2375 868 2407 be-

192 2417 289 2450 reitet
314 2418 367 2451 die
394 2418 481 2452 Bitte
505 2419 564 2452 der
581 2420 770 2453 Gesandten
798 2430 867 2453 vor.

191 2473 343 2495 —nunc
367 2463 499 2497 bezieht
516 2465 588 2497 sich
611 2464 670 2497 auf
691 2465 754 2497 den
769 2465 869 2497 zwei-

193 2509 247 2539 ten
273 2507 343 2539 Fall
377 2512 439 2539 aul
467 2529 489 2532 -
518 2512 656 2551 exegit,
686 2509 719 2542 in
755 2509 867 2543 Riick-

193 2551 279 2584 sicht
293 2552 381 2593 auf§
402 2556 437 2586 15
460 2565 596 2596 poenas
621 2555 733 2587 habet.
748 2573 791 2578 ——
805 2565 868 2587 nec

408 1385 639 1422 Crolom'ens.‚
673 1386 734 1418 mit
758 1386 870 1427 Croto,

938 1390 1052 1429 potest
1074 1398 1108 1418 η.
1132 1397 1181 1427 p„
1207 1395 1242 1418 es
1267 1385 1356 1418 kann
1383 1385 1515 1428 keiner‚
1549 1387 1618 1420 und

941 1431 1000 1463 wir
1014 1432 1196 1464 wtinschen
1213 1430 1290 1463 dass
1304 1430 1420 1464 keiner
1433 1441 1467 1464 es
1482 1431 1618 1465 konnen

940 1478 1049 1519 moge,
1063 1476 1113 1508 ihr
1128 1476 1219 1508 nicht
1233 1476 1340 1508 einem
1352 1476 1496 1509 anderen
1509 1477 1617 1510 Volke

940 1521 1016 1562 (den
1040 1521 1199 1561 Puniern)
1225 1521 1432 1564 unterliegen
1457 1521 1524 1554 und
1549 1522 1618 1555 die-

941 1576 998 1599 sen
1025 1566 1077 1599 die
1104 1566 1216 1598 Rache
1240 1566 1436 1598 fiberlassen
1462 1569 1617 1607 musstet,

941 1612 1006 1644 wie
1036 1613 1089 1652 28,
1116 1613 1170 1651 41,
1198 1612 1254 1648 13;
1282 1612 1335 1652 34,
1361 1613 1392 1652 3,
1419 1613 1455 1643 7:

942 1661 991 1688 est
1015 1659 1174 1698 absitque
1199 1666 1334 1698 semper
1360 1656 1441 1688 talis
1465 1656 1615 1696 fortuna

940 1704 994 1733 rei
1009 1702 1194 1744 publicae;
1213 1701 1264 1734 bei
1279 1701 1354 1734 dem
1371 1701 1524 1744 gleichen
1538 1702 1617 1735 ΡΓΞ-

939 1746 1048 1779 dicate
1073 1747 1106 1779 in
1124 1745 1242 1778 beiden
1257 1745 1389 1786 Satzen,
1413 1746 1457 1779 ist
1470 1746 1523 1780 die
1537 1747 1618 1780 Aut-

939 1791 1075 1834 sassung
1103 1802 1169 1824 von
1195 1793 1304 1832 possit
1317 1791 1367 1824 als
1382 1790 1532 1834 Optativ,
1555 1792 1616 1824 ob·

939 1837 1048 1879 gleich
1082 1836 1135 1868 die
1168 1835 1518 1878 Zusammenstellung
1549 1847 1617 1870 von

937 1892 1002 1913 nee
1016 1900 1042 1905 —
1058 1892 1121 1913 nee
1134 1897 1178 1908 =
1193 1884 1227 1913 et
1241 1891 1312 1912 non
1328 1900 1353 1903 —
1370 1884 1403 1912 et
1414 1891 1469 1921 ne,
1487 1881 1508 1923 ξ
1523 1883 1543 1914 9
1557 1892 1616 1914 un-

939 1925 1153 1968 gewohnlich
1171 1925 1225 1966 ist,
1249 1925 1308 1958 der
1324 1925 1409 1957 auch
1427 1926 1615 1968 moglichen

939 1971 988 2003 als
1014 1969 1223 2010 Potentialis,
1249 1980 1275 2003 s
1293 1980 1333 2001 zu
1349 1971 1403 2008 28,
1417 1972 1470 2011 33,
1485 1972 1516 2012 9,
1541 1981 1617 2004 vor-

938 2015 1119 2055 zuziehen,
1148 2015 1218 2060 xgl.
1244 2014 1335 2067 Hom.
1364 2014 1424 2047 Od.
1452 2018 1505 2056 16,
1530 2018 1615 2050 437:

938 2056 1000 2092 οὐκ
1025 2056 1109 2092 ἔσθ’
1138 2056 1351 2105 οὓτοςᾶνήρ,
1376 2056 1455 2092 οιδ’
1472 2061 1617 2094 ἔσσεται

937 2102 1021 2137 οὐδὲ
1042 2107 1200 2156 yae-wyrste
1214 2124 1258 2128 -
1273 2092 1333 2136 ad
1336 2109 1451 2144 teslr„
1476 2105 1617 2139 deshalb

937 2151 1010 2183 sind
1038 2150 1108 2183 wir.
1136 2169 1179 2174 ——
1206 2160 1340 2191 coram,
1365 2160 1393 2183 c.
1422 2132 1474 2192 19,
1500 2153 1534 2188 7;
1562 2153 1616 2193 28,

942 2197 992 2236 17,
1018 2197 1047 2228 8.
1095 2206 1124 2226 sz
1160 2197 1273 2236 quicq.
1301 2214 1327 2218 -
1350 2199 1554 2238 praetem„
1586 2207 1615 2229 c.

938 2242 970 2282 8,
996 2242 1028 2274 8.
1053 2258 1096 2263 -—
1123 2240 1242 2272 divmo
1278 2240 1310 2272 lc.
1341 2243 1383 2272 st.
1417 2239 1477 2273 des
1512 2241 1615 2284 genit.

937 2285 1015 2324 obi„
1029 2285 1097 2327 vgl.
1111 2286 1166 2326 25,
1185 2286 1235 2325 18,
1251 2287 1287 2316 T:
1306 2285 1475 2326 hospitali
1488 2286 1615 2326 caede,-

938 2333 969 2371 4,
994 2332 1047 2372 51,
1076 2331 1114 2367 2;
1142 2332 1196 2371 45,
1225 2331 1274 2369 19,
1305 2331 1343 2362 16
1369 2339 1401 2362 u.
1427 2339 1456 2362 a.

939 2373 1042 2452 5.19
1072 2376 1131 2408 1-
1136 2377 1166 2408 2.
1194 2376 1428 2417 quaesissem„
1452 2385 1479 2409 s.
1493 2377 1548 2417 30,
1561 2377 1616 2416 22,

969 2420 1125 2452 ·Fabius
1151 2420 1318 2453 erscheint
1351 2420 1435 2452 auch
1471 2419 1541 2452 hier
1565 2420 1614 2453 als

938 2464 997 2497 das
1023 2464 1135 2507 Haupt
1158 2465 1217 2498 der
1234 2463 1614 2519 GegenparteiSeipios,

938 2519 964 2542 s
992 2509 1086 2541 Diod.
1112 2510 1134 2542 1.
1158 2510 1194 2543 l.:
1225 2508 1261 2542 οἱ
1284 2507 1324 2542 δὲ
1346 2506 1613 2543 ἀντιπολιτευό-

937 2566 1038 2597 μενοι
1062 2554 1116 2596 τῷ
1141 2556 1325 2588 Σκιπιωνι
1348 2552 1476 2601 καιρὸν
1496 2551 1617 2600 εὗρόν·

1490 1613 1620 1654 procul
1676 1644 1680 1646 ,
1731 1638 1732 1641 1
