1732 2840
46 144 73 164 a.
92 135 143 162 Ch.
161 135 220 161 201.

47 237 238 290 populum
259 236 478 276 Romanum
496 248 541 275 eo
564 236 748 275 invictum
765 248 861 282 esse,
884 236 987 287 quod
1010 236 1048 274 in
1069 234 1251 274 secundis
1271 234 1388 273 rebus
1409 247 1468 274 sa·
1494 241 1530 273 16

518 122 642 156 LIBER
667 121 768 155 XXX.
816 121 909 155 CAP.
934 123 988 155 42.

1388 116 1467 157 189

47 306 141 346 pere
164 300 200 333 et
216 293 420 333 consulere
437 293 678 340 meminerit;
702 299 737 332 et
752 292 910 331 hercule
924 291 1142 331 mirandum
1160 291 1292 337 fuisse,
1313 291 1344 329 si
1360 290 1470 330 aliter

46 350 211 397 faceret3
245 361 290 388 ex
312 349 543 396 insolentia,
574 349 715 401 quibus
737 361 832 388 nova
854 348 956 387 bona
979 349 1135 387 fortuna
1157 348 1226 395 sit,
1258 347 1473 399 inpotentis
1494 354 1529 386 17

6 451 8 454 y
48 405 217 446 laetitiae
239 406 431 453 insanire;
466 405 612 458 populo
634 405 809 444 Romano
832 405 968 444 usitata
991 417 1034 444 ac
1056 417 1179 456 prope
1200 404 1273 443 iam
1297 404 1470 443 obsoleta

48 475 94 502 ex
114 462 274 502 victoria
295 462 432 513 gaudia
455 475 537 501 esse
551 492 561 508 ,
583 474 627 501 ac
648 461 736 514 plus
757 474 880 514 paene
902 461 1096 514 parcendo
1119 461 1228 500 victis
1250 473 1364 513 quam
1386 462 1470 500 vin·

48 518 173 558 cendo
203 518 411 571 imperium
442 518 616 565 auxisse,
647 541 703 546 —
734 526 952 557 ceterorum
974 517 1231 557 miserabilior
1253 518 1376 557 oratio
1400 517 1471 557 suit
1494 525 1530 557 18

47 575 459 623 commemorantium,
493 587 538 614 ex
568 575 723 626 quantis
753 575 893 627 opibus
924 587 1001 626 quo
1033 575 1283 614 reccidissent
1314 574 1470 614 Cartha-

48 631 285 682 giniensium
305 644 390 671 res:
415 631 512 670 nihil
536 631 602 679 iis,
626 632 691 683 qui
714 632 830 670 modo
853 631 987 670 orbem
1011 643 1133 683 prope
1156 638 1346 671 terrarum
1371 631 1470 670 obti-

49 688 207 727 nuerint
223 688 352 735 armis,
374 699 580 740 superesse
595 695 748 739 praeter
765 687 1010 740 Carthaginis
1026 688 1201 736 moenia3
1224 688 1283 727 his
1299 687 1473 727 inclusos
1497 693 1533 726 19

0 791 1 798 ἵ
49 755 129 783 non
152 751 275 791 terra,
307 757 386 783 non
417 744 512 783 mari
543 744 751 796 quicquam
781 745 840 784 sui
870 745 964 783 iuris
995 757 1174 792 cernere;
1207 744 1342 783 urbem
1375 756 1472 796 quo-

0 803 1 842 }
48 813 125 852 que
154 801 276 853 ipsam
308 813 351 840 ac
374 808 534 853 penates
555 801 604 839 ita
626 801 846 849 habituros,
877 801 907 839 si
932 813 1010 840 non
1040 801 1080 840 in
1111 813 1154 840 ea
1186 813 1365 853 quoque,
1394 813 1470 852 quo

49 856 146 896 nihil
176 856 340 896 ulterius
371 858 442 905 sit,
473 857 618 896 saevire
650 858 822 909 populus
851 857 1050 896 Romanus
1078 857 1202 897 vellet.

47 913 310 952 misericordia
342 920 470 965 patres
499 921 722 966 appareret,
753 921 976 953 senatorum
1007 926 1128 953 unum
1151 914 1332 953 infestum
1356 914 1473 966 perfi-

49 969 133 1008 diae
155 969 534 1021 Carthaginiensium
556 970 812 1010 succlamasse
834 971 962 1009 ferunt
976 1001 984 1017 ‚
1012 983 1081 1022 per
1103 983 1201 1022 quos
1222 971 1315 1010 deos
1336 970 1472 1010 foedus
1492 977 1530 1009 21

42 1070 101 1102 ·10.
127 1087 172 1093 —
195 1069 359 1101 secundis
393 1070 476 1109 reb„
512 1079 572 1102 nui·
604 1070 634 1102 in
671 1069 729 1102 der

49 1113 165 1147 Bamb.
187 1113 242 1147 Hs.
268 1114 398 1147 scheint
423 1116 526 1147 rebus
551 1125 590 1147 zu
616 1114 727 1147 fehlen

49 1159 117 1192 und
132 1158 220 1192 kann
233 1159 304 1192 hier
315 1160 379 1192 wie
389 1160 493 1192 vieles
504 1159 636 1192 Andere
653 1169 726 1192 aus-

49 1203 194 1247 gefallen
220 1204 304 1245 sein,
328 1204 483 1247 obgleich
509 1215 545 1237 es
570 1206 624 1244 28,
641 1207 724 1245 11‚1

50 1251 205 1282 omnium
222 1249 456 1282 secundorum
483 1249 727 1282 adversorum-

49 1305 141 1336 que;
163 1294 206 1326 ib.
232 1295 285 1333 42,
316 1296 352 1328 15
380 1295 528 1327 adversa
555 1294 727 1328 1181881.-

49 1339 233 1371 consulere
257 1350 357 1372 mem.
392 1339 450 1372 der
475 1339 588 1372 blosse
612 1339 725 1372 Infini-

48 1385 98 1418 tiv
124 1384 178 1417 bei
202 1386 346 1417 memini
370 1384 413 1418 ist
438 1385 560 1426 selten,
584 1387 728 1416 memini

49 1429 166 1462 deutet
183 1428 271 1462 dann
285 1429 379 1462 mehr
403 1429 457 1462 die
470 1429 637 1472 Neigung,
662 1429 726 1462 den

49 1473 173 1507 Willen
188 1484 239 1507 an.
253 1493 297 1497 —
309 1473 455 1515 faceret,
481 1484 536 1506 um
552 1474 604 1506 die
619 1473 728 1506 Hand-

48 1518 256 1562 lungsweise
282 1519 330 1552 als
355 1519 428 1552 eine
453 1519 629 1551 bleibende
651 1520 728 1552 cha-

50 1563 302 1597 rakteristische
327 1574 367 1596 zu
384 1564 600 1606 bezeichnen,
626 1563 729 1597 daher

0 1606 1 1614 ¹
50 1609 143 1642 nicht
167 1610 325 1649 lecisset,
356 1618 427 1642 was
453 1619 528 1642 man
556 1609 640 1642 nach
665 1611 728 1641 mi-

0 1662 3 1683 }
50 1654 204 1687 randum
228 1654 338 1693 fuisse
362 1654 408 1694 (in
435 1659 518 1687 orat.
546 1659 634 1687 recta
666 1656 729 1686 mi-

0 1711 1 1714 *
50 1699 204 1732 randum
229 1699 314 1740 fuit)
340 1705 505 1732 erwarten
531 1699 668 1732 konnte.
686 1718 730 1723 —

51 1755 97 1776 ex
127 1745 251 1785 ἱππί,
287 1744 319 1776 in
355 1744 456 1787 Folge
489 1755 593 1786 usw.,
630 1744 730 1776 nach-

50 1789 225 1822 drficklich
263 1789 516 1832 vorangestellt.
555 1808 599 1812 —
636 1792 730 1821 insa-

51 1837 141 1874 nire,
167 1834 352 1876 Gegensatz
377 1845 417 1867 zu
442 1845 566 1877 sapere
590 1838 623 1866 et
647 1845 729 1867 con·

51 1880 185 1912 sulere:
211 1889 277 1912 von
295 1878 530 1913 Leidenschart
554 1879 624 1913 sich
650 1879 731 1912 sort-

51 1925 178 1958 reissen
203 1924 325 1957 lassen.
340 1925 551 1958 —obsoleta
577 1936 615 1957 zu
639 1935 729 1967 gau-

53 1969 112 2002 dia
138 1969 298 2012 gehfirig:
334 1969 505 2021 alltaglich
525 1970 730 2023 ‘gewordem

52 2025 79 2048 s.
104 2014 258 2066 Thucyd.
284 2016 315 2052 4,
344 2017 396 2056 17,
415 2017 451 2048 3.
477 2017 562 2058 υμῖν
585 2012 653 2059 γὰρ
679 2027 731 2047 ει·-

51 2062 180 2100 τυχίαν
203 2057 271 2100 τὴν
302 2060 493 2111 παροῦσαν
523 2059 640 2099 ἔξεστι
672 2073 732 2091 κα-

53 2102 123 2137 λῶς
137 2103 319 2137 θέσθάι-
333 2106 393 2136 καὶ
416 2103 465 2147 μὴ
490 2100 663 2139 παθεῖν”
644 2116 732 2150 οπερ

52 2147 90 2182 οἱ
112 2145 238 2202 ἀήθως
261 2161 298 2182 τι
321 2144 467 2203 ογαθὸν
489 2147 734 2202 λαμβάνοντες

53 2194 132 2227 τῶν
155 2189 389 2249 ἀνθρωπων·
414 2190 468 2227 ἀεὶ
485 2193 552 2241 γὰρ
569 2195 634 2228 τοῦ
651 2192 732 2227 πλέ-

54 2249 134 2272 ονος
159 2236 317 2272 e’znfflc'
301 2241 490 2295 οοέγονται
523 2238 582 2273 διὰ
606 2238 648 2273 τὸ
673 2242 733 2272 καὶ

53 2281 99 2317 τὰ
123 2282 290 2337 παρᾲντα
318 2271 500 2326 αὸοκήτως
531 2281 731 2327 εὐτυχνσαι.

53 2347 98 2352 —-
123 2331 266 2361 auaez'sse
296 2339 328 2362 n.
353 2340 450 2371 eum,
483 2330 637 2374 obgleich
675 2330 732 2363 der

53 2372 152 2406 Dativ
177 2373 391 2417 vorhergelm
416 2375 484 2417 vgl.
499 2376 571 2418 §8;
587 2386 616 2409 c.
631 2378 684 2416 35,
700 2377 731 2408 5

103 2420 245 2453 18—19.
273 2423 469 2452 ceterorum
485 2424 548 2454 etc.
574 2420 664 2453 kann
683 2420 731 2453 als

55 2462 223 2497 Nachsatz
256 2474 298 2497 zu
331 2464 351 2507 ξ
380 2466 438 2498 14:
470 2468 533 2508 qui
565 2476 642 2498 cum
676 2466 732 2498 be-

56 2507 200 2542 trachtet
224 2508 382 2551 werden,
414 2519 512 2543 wenn
538 2520 614 2543 man
640 2510 731 2543 nicht

56 2553 110 2586 ein
134 2553 324 2587 Anacoluth
357 2535 545 2589 a⁹nnehmen
577 2555 659 2588 will.
687 2574 732 2579 —

797 1069 1000 1110 miserabil„
1024 1069 1220 1111 klaglicher,
1245 1069 1338 1102 mehr
1362 1070 1474 1112 geeig-

798 1119 855 1147 net
868 1114 994 1148 Mitleid
1021 1124 1060 1146 zu
1081 1124 1235 1157 eri-egem
1263 1114 1316 1147 die
1330 1114 1474 1147 Hasdru-

798 1160 870 1192 bals
902 1169 972 1192 war
1006 1159 1135 1202 wfirdig
1165 1169 1336 1202 gewesen.
1361 1178 1405 1183 —
1431 1171 1475 1192 ea·

798 1209 919 1247 quant.
945 1215 1025 1246 quO,
1050 1215 1077 1237 s.
1103 1206 1156 1242 26,
1186 1206 1235 1243 13,
1262 1208 1299 1242 ὃς
1325 1208 1357 1239 5.
1376 1207 1429 1245 51,
1444 1207 1474 1239 6.

796 1250 861 1283 Zur
892 1249 998 1282 Sache
1031 1252 1116 1292 App.
1144 1260 1171 1281 c.
1199 1252 1256 1282 51:
1291 1246 1311 1290 r]
1336 1251 1476 1294 Καρχη-

798 1292 934 1328 δονίων
959 1292 1115 1335 2113).ch
1139 1294 1200 1335 τῆς
1216 1292 1357 1336 Λιβύης
1380 1298 1475 1340 μεγι-

798 1352 863 1380 στη
879 1352 938 1371 και
955 1336 1235 1381 ὃινατωτάτη-
1251 1340 1477 1372 ἑπτακοσίοις

797 1385 916 1417 ἐτεσιν
938 1380 1137 1424 ανθὴσασα
1162 1386 1220 1416 καὶ
1234 1384 1375 1427 Λιβύης
1387 1381 1478 1418 ἁπά-

799 1440 859 1471 σης
884 1431 944 1461 καὶ
968 1426 1089 1462 ἄλλων
1113 1428 1242 1462 ἐθνῶν
1266 1433 1322 1461 καὶ
1353 1426 1476 1470 νήσων

798 1477 857 1507 καὶ
882 1470 1072 1527 &andnam
1103 1471 1254 1515 τοσῆσδε
1287 1473 1426 1519 ἇοζ-ασα
1450 1495 1476 1499 -

798 1520 866 1553 νῖν
890 1531 952 1551 οῑκ
977 1522 1017 1551 ὲν
1040 1519 1083 1565 τῇ
1118 1517 1290 1565 θαλάσση
1315 1522 1374 1552 καὶ
1401 1522 1477 1553 ταῖς

799 1567 927 1598 ναισίν
947 1584 969 1587 —
983 1563 1056 1616 τὴν
1063 1544 1189 1597 ὲπίδα
1214 1564 1275 1606 τῆς
1298 1568 1478 1610 σωτηρίας

797 1606 879 1642 om?
909 1610 949 1642 ἐν
972 1605 1057 1651 ὑμῖν
1082 1610 1151 1650 ἔχει
1175 1612 1248 1642 τοῖς
1272 1622 1478 1656 προπεπον-

799 1651 888 1688 θόσι
914 1654 1031 1687 κακῶς
1034 1655 1133 1697 ‚ng
1161 1666 1188 1688 c.
1208 1657 1260 1688 57
1276 1642 1478 1696 —reccid.‚

799 1710 825 1733 s.
852 1702 883 1741 4,
909 1701 941 1740 2,
967 1702 1004 1733 8:
1032 1702 1220 1742 imperium
1246 1711 1284 1732 eo
1310 1700 1477 1732 recidere

799 1764 842 1768 —
868 1755 939 1777 non
967 1749 1062 1776 terra
1088 1749 1151 1778 etc.
1184 1755 1211 1777 s.
1237 1755 1276 1777 zu
1303 1755 1331 1778 e.
1359 1747 1457 1783 322

801 1793 832 1824 4.
859 1809 898 1813 —
927 1800 1100 1832 quoque-
1119 1801 1186 1832 quo
1212 1790 1255 1823 ist
1280 1791 1347 1822 wol
1375 1791 1478 1823 unab-

801 1834 956 1869 sichtlich
970 1835 1313 1878 zusammengestellt.
1329 1854 1372 1859 —
1389 1838 1436 1868 sit
1449 1855 1476 1859 —

799 1880 913 1921 vellet,
938 1879 998 1913 das
1023 1880 1155 1913 Erstere
1180 1880 1307 1913 konnte
1339 1880 1388 1914 als
1420 1880 1478 1913 all-

800 1925 969 1968 gemeiner
988 1924 1146 1958 Gedanke
1171 1925 1367 1958 bezeichnet
1393 1936 1478 1958 wer-

800 1970 875 2009 den,
901 1981 926 2004 s.
954 1972 1008 2012 29,
1036 1973 1064 2012 1,
1092 1972 1130 2012 Ἷς
1156 1971 1201 2003 ib.
1231 1972 1281 2011 16,
1307 1973 1337 2002 7.

847 2017 992 2049 20—21.
1005 2017 1239 2056 flectimiser„
1253 2015 1480 2048 wahrschein-

801 2060 867 2093 lich
885 2061 938 2093 ein
953 2060 1029 2093 sehr
1044 2060 1290 2103 ungeordnetes
1304 2059 1409 2092 Motiv
1427 2060 1478 2093 sslr

801 2105 866 2138 den
891 2104 1011 2145 Senat‚
1041 2105 1094 2138 die
1119 2105 1321 2148 politischen
1345 2104 1478 2138 Grunde

802 2149 877 2184 sind
902 2150 1186 2193 fibergangen.—-
1204 2154 1406 2182 senatorum
1431 2161 1478 2191 u.‚

803 2205 830 2228 s.
852 2197 906 2236 24,
923 2196 1210 2236 28,1.——unum‚
1236 2195 1289 2228 ein
1315 2195 1478 2238 gewsshn-

803 2240 917 2279 licher,
943 2240 1019 2273 dem
1044 2250 1138 2283 pron.
1164 2239 1396 2273 indefin.'sich
1423 2243 1479 2273 na—

802 2284 918 2328 hernd,
943 2295 971 2318 s.
996 2287 1028 2328 2,
1053 2287 1086 2326 4,
1113 2288 1147 2323 5;
1174 2287 1228 2327 22,
1254 2286 1285 2327 9,
1311 2286 1348 2318 2:
1374 2287 1479 2317 unius

802 2331 974 2372 coloniae,
989 2330 1084 2363 oder:
1100 2330 1190 2363 einer
1206 2340 1281 2372 nur3
1297 2330 1381 2363 nach
1393 2332 1478 2374 App.

802 2386 829 2408 c.
857 2377 899 2409 62
931 2375 1059 2419 spricht
1092 2376 1144 2408 ein
1170 2374 1390 2408 Verwandter
1419 2375 1478 2409 des

802 2420 925 2454 Consul
956 2420 1117 2453 Lentulus
1148 2420 1180 2453 in
1215 2419 1340 2453 diesem
1366 2420 1479 2454 Sinne.

801 2466 1035 2506 —succlam.,
1062 2476 1088 2498 s.
1114 2466 1166 2506 28,
1193 2467 1246 2506 26,
1274 2467 1330 2503 12;
1355 2467 1410 2507 44,
1424 2468 1478 2507 45,

804 2513 863 2548 11;
890 2512 943 2549 30,
969 2512 1021 2550 22,
1048 2513 1080 2543 5.
1097 2521 1216 2553 —per
1234 2521 1318 2553 quos
1345 2510 1392 2551 d.‚
1417 2521 1478 2543 un-

802 2559 852 2589 ter
865 2554 923 2589 der
933 2555 1192 2599 Vermfflelung,
1205 2555 1361 2589 Garantie
1375 2566 1478 2593 usw.;

1253 870 1342 897 cum
1369 857 1471 896 flecti
1492 864 1532 896 20
